2656 5258
281 387 481 459 onemo
505 387 604 455 ruo
628 389 665 456 r.
690 390 895 458 snxrrn.
1081 420 1123 492 19

12 536 19 545 ·
87 515 148 585 llou
170 513 281 583 recito
305 509 493 582 decretum
521 504 642 579 officio
665 507 789 606 aliquo
810 535 1019 608 expressum
1036 516 1124 588 rici·

12 644 22 657 ·
83 622 199 707 nitatis,
212 635 276 691 aut
295 617 493 701 clientelae,
513 630 577 687 aut
595 615 742 714 hospitii
757 618 911 716 publici,
933 637 996 695 aut
1012 624 1124 699 arnhi-

79 731 183 818 tionis,
203 743 267 801 aut
285 724 612 800 commendationis
628 729 761 823 gratim
781 727 844 800 sed
857 732 970 805 recito
985 757 1121 809 memo.

73 841 145 913 nem
175 837 361 937 perfuncti
390 835 566 934 periculi,
594 835 884 933 praedicationem
914 842 1121 939 amplissimi

66 947 243 1037 beneficii,
260 949 376 1019 vicem
403 943 514 1017 officii
540 948 741 1041 praesentis,
762 947 1011 1021 testimonium
1029 977 1122 1050 prae-

65 1063 152 1133 uriti
170 1060 357 1157 temporis.
375 1061 494 1154 Atque
513 1054 582 1125 illis
596 1056 822 1153 temporibus
839 1059 986 1150 iisdem,
1006 1088 1122 1160 quum

55 1172 127 1267 jam
146 1175 310 1268 Capuam
331 1182 433 1240 metu
451 1168 595 1238 Sextius
613 1156 816 1252 liberassem
830 1167 959 1241 urbem
977 1189 1124 1249 senatus

55 1294 165 1376 atque
192 1302 321 1349 omnes
346 1275 456 1361 boni,
475 1273 707 1372 deprehensis
728 1289 837 1371 atque
859 1283 1041 1376 oppressis
1060 1284 1123 1357 d0.

52 1390 213 1461 mesticis
231 1385 419 1470 hostibus,
437 1409 497 1457 me
516 1384 629 1472 duce,
648 1408 692 1454 ex
706 1385 875 1481 periculis
888 1392 1050 1464 maximis
1063 1418 1123 1467 ex.

53 1501 274 1573 traxissent:
293 1522 362 1594 ego
380 1496 491 1568 literis
509 1518 595 1566 eum
615 1498 739 1590 Capua
759 1498 924 1567 arcessivi
949 1522 1034 1571 curn
1059 1503 1123 1577 illo

53 1611 237 1693 exercitu,
261 1629 371 1702 quem
396 1619 475 1676 tum
497 1626 619 1676 secum
642 1601 809 1674 habebat.
834 1605 978 1695 Quibus
1003 1608 1063 1683 hic
1082 1612 1125 1683 li·

55 1718 144 1789 teris
163 1716 265 1789 lectis
286 1714 333 1789 ad
350 1714 478 1789 urbem
502 1711 693 1786 confestim
720 1714 920 1786 incredibili
943 1718 1125 1795 celeritate

57 1824 249 1899 advolavit.
267 1829 405 1922 Atque,
424 1840 465 1897 ut
483 1824 579 1895 illius
597 1828 770 1919 temporis
788 1827 1011 1899 atrocitatem
1022 1840 1057 1875 ²⁰
1069 1856 1126 1904 re-

56 1937 203 2011 cordari
217 1937 373 2034 possitis,
392 1933 512 2006 audite
530 1933 669 2018 literas,
687 1946 723 2002 et
743 1947 895 2004 vestram
913 1944 1125 2012 memoriam

57 2047 108 2120 ad
130 2049 270 2119 timoris
299 2046 471 2143 praeteriti
504 2045 760 2140 cogitationem
792 2048 955 2116 excitate.
983 2051 1125 2123 Lernan

59 2162 271 2246 Οιωιοωε,
287 2178 465 2229 consuens.

109 2273 152 2339 V.
178 2273 256 2341 Hoc
277 2265 437 2339 adventu
455 2268 492 2334 P.
516 2266 644 2348 Sextii,
667 2260 899 2333 tribunorum
923 2264 1039 2361 plebis
1059 2291 1126 2339 no.

60 2386 227 2464 vnrnm1,
248 2376 313 2473 qui
335 2389 433 2459 tum,
456 2373 625 2444 extremis
649 2370 779 2445 diebus
803 2373 1009 2447 consulatus
1032 2381 1127 2466 mei,

63 2512 122 2559 res
132 2511 209 2573 eas,
227 2510 319 2582 quas
333 2506 530 2579 gesseram,
545 2505 674 2552 vexare
692 2481 908 2578 cupiebant,
923 2484 1128 2584 reliquique

66 2596 325 2690 conjurationis
338 2596 515 2689 impetus²
534 2605 569 2663 et
583 2606 733 2663 conatus
752 2608 839 2663 sunt
855 2593 1033 2664 retardati.
1056 2603 1128 2686 Ac,

68 2720 300 2802 posteaquam
321 2717 375 2774 est
393 2702 633 2786 intellectum,
654 2705 791 2771 Catone
801 2696 828 2786 ³,
850 2700 998 2772 tribuno
1009 2703 1129 2801 plebis

69 2814 277 2902 fortissimo,
304 2827 415 2909 atque
441 2815 579 2908 optimo
603 2814 698 2895 cive,
724 2807 985 2904 rempublicam
1006 2811 1129 2883 delen·

70 2922 189 3011 dente,
206 2949 326 3022 perse
345 2926 462 3018 ipsum
480 2933 643 2991 senatum
660 2917 911 3015 populumque
926 2944 1128 3008 romanum,

70 3034 140 3106 sine
162 3032 320 3104 militum
343 3027 507 3128 praesidio
529 3029 622 3099 tueri
640 3024 743 3098 facile
766 3026 985 3122 majestatem
1005 3055 1129 3119 suam,

98 3264 138 3299 so.
168 3247 240 3296 lllirrs
266 3243 379 3309 temporis
409 3239 572 3290 atrocitatem.
655 3235 1129 3307 a.Reliquiqueconjurationisimpstns.

68 3329 176 3392 Quum
192 3324 323 3379 atrocitas,
341 3337 417 3384 quum
428 3321 477 3380 jam
491 3319 574 3366 dome·
618 3319 700 3379 Quum
721 3314 802 3362 sdhuo
823 3316 848 3361 in
872 3314 932 3362 urbe
954 3319 1130 3380 conjurationi.

67 3409 115 3456 stiei
137 3407 223 3454 hostes
247 3402 392 3467 deprehensi
416 3399 574 3464 oppressique
618 3393 720 3441 occulte
730 3393 837 3458 reliquiae
847 3408 1006 3457 superessent.

67 3488 156 3535 eneas?
172 3487 227 3550 ipse
241 3499 268 3530 se
285 3481 368 3546 paullo
382 3490 441 3545 post
455 3478 573 3543 exponit,
654 3476 680 3522 3.
711 3474 810 3521 Catone.
831 3473 881 3536 Qui
902 3475 1023 3523 Uticensis
1046 3490 1132 3542 poam

67 3581 134 3629 qaeu
142 3568 193 3613 ait:
203 3562 388 3611 uTribnnornnr
400 3558 434 3623 pl.
446 3572 575 3614 novorum,
618 3551 820 3614 cognominatus:
831 3551 886 3612 hic,
895 3568 970 3617 qunrn
979 3552 1086 3604 audisset
1096 3559 1131 3620 Q.

67 3644 196 3710 reliquique
209 3639 386 3702 conjurationis
402 3637 520 3700 impetus,
533 3649 575 3683 oo·
618 3628 744 3677 Metellum
767 3630 888 3693 Nepotem
909 3631 1059 3681 tribunatum
1079 3651 1132 3685 aaa

67 3736 179 3787 remaque
189 3720 305 3769 retardati
314 3728 372 3765 sunt
382 3739 403 3763 ι.
619 3712 766 3774 petiturum,
790 3725 863 3775 quern
884 3708 914 3756 de
933 3710 1057 3775 republica
1080 3729 1133 3762 nou

96 3806 126 3852 V.
144 3820 166 3851 r.
186 3801 345 3848 Tribunatum
356 3794 435 3861 plebis
449 3809 575 3842 novorum.
620 3790 712 3853 optime
726 3786 832 3851 cogitare
846 3799 997 3851 compertum
1011 3789 1132 3853 babebat,

69 3882 168 3930 ”exime
181 3882 215 3943 Q.
230 3878 356 3927 Metellum
367 3875 489 3937 Nepotem
501 3874 577 3937 signi·
620 3887 650 3916 ex
663 3868 749 3915 itinere
763 3867 788 3912 in
803 3865 893 3913 Urbem
908 3866 995 3929 rediit,
1014 3880 1041 3916 ut
1056 3870 1133 3920 tribu·

71 3957 185 4025 bestzqui
194 3959 338 4008 Ciceronem
348 3965 460 4002 extremo
469 3951 577 4000 consula·
620 3960 703 3996 natum
727 3955 834 4009 peteret,
858 3943 964 4008 indeque
989 3949 1133 4012 pernicioai,

72 4048 104 4085 tas
115 4039 168 4097 die,
183 4038 309 4087 concionis
322 4032 446 4083 habende
459 4040 577 4095 potestate
621 4025 713 4074 Metelli
724 4023 823 4086 collegre
832 4026 1001 4087 rogationibus
1009 4038 1052 4074 ant
1064 4044 1135 4076 cons·

73 4118 178 4178 privarit.
622 4106 688 4154 tibus
697 4103 834 4152 obsisteret.
845 4103 1002 4159 Plutarchus,
1013 4105 1064 4156 alii.

974 4216 1007 4259 2.
