2656 5258
427 373 567 444 ARGU
578 376 815 445 MENTUM.
1130 376 1150 448 5

134 512 186 557 mm
200 506 301 555 narrat
309 493 443 555 omnium
455 492 601 553 bonorum
612 493 642 552 in
657 495 749 553 salute
760 513 813 553 suu
826 496 1023 555 conservando
1037 497 1149 569 studio,

132 595 230 654 cisium
242 613 282 652 ex
293 605 354 652 rota
366 589 460 659 urbe,
477 605 638 669 cunctaque
651 591 734 650 ltalia
744 604 932 664 conventum,
952 593 1042 651 restis
1055 609 1150 653 muta·
1205 655 1209 662 ,

131 693 229 750 tionem
239 710 257 748 a
268 700 370 748 senotu
383 689 481 747 iucttts
493 688 687 766 potiusquam
701 687 914 768 deprecationis
927 708 1012 748 cattsa
1029 691 1150 764 iactum3

129 788 154 847 in
177 805 237 864 quo
259 785 450 844 vehementer
468 783 589 861 castiget
612 782 730 844 Gabinii
749 784 942 863 perniciosum
965 787 1152 859 concionem,

128 883 242 962 ejusque
255 882 394 960 injuriam
407 881 439 940 in
453 884 486 941 L.
500 880 768 953 AEiium‘hmiam,
786 901 873 959 quem
888 882 938 942 iiie
958 896 1078 963 propter
1096 883 1150 942 be·

128 979 313 1041 niroieotiam
324 978 356 1039 in
366 979 536 1038 Ciceronem
549 977 737 1055 rieicgsrerat.
752 982 828 1038 Tum
840 979 1008 1059 perstringit
1021 979 1148 1040 edictum

128 1094 182 1153 quo
195 1075 264 1138 eisc
284 1087 316 1135 et
333 1072 475 1134 Gabinius
495 1073 626 1133 consules
650 1086 779 1133 senatum
795 1073 832 1133 ad
852 1094 937 1135 suum
952 1077 1087 1135 vestitum
1101 1096 1151 1135 re·

128 1169 187 1231 dire
205 1171 363 1249 jusserant
374 1175 410 1232 ln
421 1170 523 1249 primis
536 1182 632 1232 autem
651 1189 702 1229 eos
718 1170 881 1249 vituperat,
895 1171 976 1249 quod
990 1172 1067 1251 leges
1080 1171 1150 1231 ferri

129 1269 287 1345 possiunt,
301 1280 335 1327 ut
344 1270 391 1328 iex
401 1265 687 1346 murmurosorum
701 1277 780 1338 erut,
791 1280 824 1326 ot
837 1269 1025 1346 quotiescum
1038 1269 1150 1349 populo

129 1377 276 1441 ageretur,
288 1378 416 1441 augures
428 1362 467 1423 de
479 1363 550 1421 celo
562 1374 730 1434 servarent,
743 1359 917 1422 obnuntiare
929 1364 1044 1436 liceret,
1057 1377 1088 1425 et
1101 1365 1149 1423 in-

131 1459 276 1520 tercedere
287 1461 470 1537 magistratus
483 1461 618 1539 possent)
631 1460 759 1538 itemque
771 1459 821 1518 iex
833 1459 931 1538 ibba(
938 1479 997 1537 quo
1010 1461 1149 1520 sancitum

131 1567 189 1615 erat
203 1574 242 1615 ne
255 1555 392 1619 omnibus
403 1554 507 1617 diebus
518 1557 597 1615 iustis
610 1556 702 1634 legem
721 1555 797 1614 ferro
814 1553 935 1632 liceret)
951 1574 987 1615 ne
1002 1557 1149 1627 valerent,

132 1669 218 1729 eoque
233 1664 269 1711 ut
284 1650 380 1715 Clodii
390 1651 538 1715 furoribus
553 1649 711 1711 tribunitiis
726 1669 836 1710 suntme
850 1651 965 1711 licentia
978 1651 1149 1711 concedere.

134 1758 191 1819 mr,
202 1765 270 1826 cap.
288 1767 325 1819 7·
334 1747 379 1807 15.

164 1848 227 1904 tan
239 1844 376 1923 quemvis
388 1864 434 1904 rer
445 1856 539 1904 essent
549 1841 707 1921 ejusmodi,
719 1854 751 1901 ut
759 1856 875 1902 senatos
885 1863 938 1921 pro
948 1841 1071 1903 ducibus
1082 1863 1150 1923 prc-

132 1936 235 2001 ditorec
247 1941 387 2014 baberet,
400 1953 533 2018 equester
545 1939 619 1999 ordo
632 1958 649 2000 ι
663 1938 832 2000 coosuiibus
843 1959 910 1998 reus
921 1941 1074 2013 citaretur,
1086 1945 1149 2002 lta-

134 2036 340 2127 iiasauctoritas
355 2036 570 2116 repudiaretur,
585 2036 635 2097 aiii
651 2038 819 2096 nominatim
834 2034 1032 2114 relegarentur
1049 2035 1102 2115 (ut
1115 2039 1148 2094 L.

134 2135 263 2216 hmia),
275 2134 327 2195 aiii
345 2147 470 2194 metum
483 2134 614 2211 periculo
628 2145 822 2203 terrerentur,
835 2150 916 2191 arma
928 2144 1024 2190 essent
1036 2132 1066 2190 iu
1079 2145 1150 2191 tem·

134 2234 197 2311 piis,
206 2231 354 2293 ennad'in
365 2230 430 2289 iorc
443 2249 450 2290 t
464 2229 600 2307 tamenin
613 2237 695 2287 tuoto
703 2226 849 2287 bonorum
857 2227 955 2286 studio
968 2229 1055 2287 tantis
1065 2228 1149 2287 muiis

133 2329 230 2390 cicero
240 2327 252 2408 (
262 2328 307 2389 sic
319 2327 399 2387 enim
409 2324 582 2404 persurdere
596 2325 649 2396 iis,
661 2325 713 2403 qrti
723 2321 898 2396 audiebant,
913 2323 1041 2404 voluit),
1062 2326 1147 2384 resti·

133 2427 220 2499 risset,
234 2427 292 2490 nisi
304 2444 371 2487 eum
384 2423 435 2484 alii
447 2435 560 2494 metus,
575 2423 637 2481 oiie
651 2441 728 2481 cerras
742 2435 829 2499 atque
841 2421 1018 2499 suspiciones
1038 2423 1148 2482 moris-

131 2537 212 2596 reat,
227 2523 343 2600 otinga
355 2541 387 2580 ce
403 2519 578 2582 dimicationi
592 2518 787 2578 subtraheret
800 2503 866 2578 Noc
881 2519 957 2577 enim
974 2538 1005 2578 se
1023 2520 1147 2578 veritum

131 2642 205 2693 erse,
220 2621 246 2681 si
259 2618 342 2696 quod
355 2618 438 2681 iaciic
450 2617 527 2676 iectu
539 2616 627 2674 suerii
634 2655 644 2683 ,
653 2629 683 2674 et
697 2614 777 2692 quod
787 2614 850 2674 ficri
863 2615 1007 2687 debuerit,
1016 2614 1149 2675 inimicos

129 2718 234 2779 soosvi
244 2716 392 2792 armisque
400 2711 689 2792 superasset,oequis
699 2725 750 2770 aut
757 2712 814 2769 vim
823 2712 854 2769 vi
868 2712 979 2790 pulsum
993 2711 1150 2790 repreben-

128 2814 223 2885 daet,
234 2827 287 2873 aut
299 2810 479 2890 perditorum
493 2809 613 2880 civium,
622 2809 667 2867 vei
678 2809 774 2886 potius
788 2807 1011 2866 domesticorum
1022 2808 1148 2867 hostium

130 2924 250 2970 mortem
268 2919 413 2970 moererct.
430 2907 488 2967 Sed
504 2906 561 2965 boc
576 2904 755 2985 potissimum
771 2924 832 2963 esse
851 2916 1046 2977 commotum,
1068 2905 1149 2982 quod

129 3007 181 3067 cibi
191 3006 381 3085 Pompeium,
395 3007 548 3074 Crassum,
561 3005 702 3061 cecum
716 3000 836 3061 Clodius
846 3000 978 3060 inimicos
991 3019 1053 3058 esse
1065 2999 1147 3058 dice-

130 3103 286 3181 ret,hique
295 3100 487 3160 tadmrniute
498 3118 551 3159 tua
560 3118 663 3177 ronam
677 3099 756 3156 iliam
765 3099 926 3157 orationem
936 3097 967 3154 in
977 3096 1150 3174 scimprobe

129 3201 289 3279 mojectem
302 3199 472 3258 confirmare
489 3196 672 3268 viderentur,
693 3215 757 3274 cap.
775 3197 870 3254 aii-18.
892 3199 994 3272 Itaque
1007 3193 1031 3251 si
1049 3208 1150 3254 contra

95 3342 109 3358 .
130 3298 280 3358 tribunum
293 3294 386 3375 piebis
401 3296 530 3374 privatus
546 3294 633 3352 artois
648 3293 823 3352 contendere
838 3291 996 3362 voluisset,
1017 3303 1046 3350 et
1063 3291 1087 3349 si
1103 3292 1150 3350 in-

130 3397 265 3455 teriectus
280 3405 355 3452 esset
373 3391 505 3463 Clodius,
523 3389 644 3449 dubium
667 3403 724 3448 non
747 3390 849 3459 foisse,
872 3387 943 3466 quin
964 3388 1013 3446 iiie
1031 3390 1147 3465 sanguis

130 3491 297 3551 tribunitius
312 3490 445 3548 eonsules
458 3487 565 3546 ultores
578 3499 609 3544 et
623 3485 789 3544 defensores
803 3498 877 3544 essct
890 3484 1051 3543 habiturus.
1067 3488 1149 3544 Hanc

129 3607 200 3647 rero
212 3589 335 3647 aiteram
351 3584 564 3644 contentionem
578 3581 720 3658 ejusmodi
740 3582 866 3640 iubarum
885 3581 985 3653 icisse,
1006 3592 1039 3638 ut
1056 3601 1150 3659 neque

130 3685 238 3757 rictu,
251 3702 349 3760 neque
363 3683 458 3739 victor
471 3674 677 3757 rempublicam
692 3692 789 3737 tenere
802 3691 908 3756 posset.
925 3683 960 3738 lo
974 3678 1068 3756 prima
1081 3697 1151 3736 coo·

133 3782 259 3840 tentione
279 3792 378 3839 aute·
393 3798 459 3838 cum
481 3775 600 3847 (bodio,
613 3776 639 3837 si
653 3776 681 3833 vi
697 3774 845 3835 tribunitia
858 3774 951 3833 victus
962 3775 991 3832 in
1007 3775 1072 3832 soro
1084 3795 1149 3833 cum

132 3879 227 3937 moitis
243 3877 314 3936 siris
331 3876 418 3935 bonis
440 3873 624 3941 concidisset,
645 3885 739 3931 tumeo
756 3874 816 3931 sive
836 3871 974 3951 improbi,
997 3871 1058 3929 sive
1080 3870 1152 3928 boni

134 3975 201 4032 ricti
212 3986 323 4045 meent,
332 3973 408 4032 banc
422 3969 634 4030 contentionem
646 3988 713 4028 cum
721 3969 875 4027 multorum
888 3968 1031 4027 bonorum
1045 3967 1150 4025 civium

133 4069 248 4129 interitu
262 4069 350 4129 trisse
359 4067 554 4145 conjunctam.
568 4070 668 4144 ltaque
679 4085 710 4124 se
725 4067 857 4127 maluisse
876 4066 1056 4144 periculum,
1071 4061 1150 4139 quod
