2656 5258
415 360 811 435 sucuueuruu.
1126 388 1151 459 9

125 482 222 542 «mtio
233 481 410 562 optimatum
420 485 577 562 »,=arripit
590 484 652 543 boe
665 482 792 542 nationis
814 479 1097 571 verbum,dicltque
1118 505 1149 543 sc

129 579 206 658 nrjns
227 583 273 640 sit
284 594 458 656 agnoscere,
483 581 592 640 scilicet
605 580 731 651 -vttinil,
751 579 803 657 qui
817 578 893 636 hanc
908 580 1081 658 optimatum
1097 599 1149 638 na-

130 677 232 735 tionem
248 675 342 735 deleri
359 688 389 734 et
408 676 525 735 concidi
545 672 709 756 cupiverit,
721 694 780 753 qna
798 675 952 737 occasinm
965 672 1096 735 abutitur
1110 676 1148 734 ad

132 790 192 832 snm
204 772 390 832 acerbissim
404 770 675 852 perstringendum,
695 791 758 852 cap.
779 774 832 843 tl,
848 772 897 831 66.
920 773 1034 832 Deinde
1052 773 1147 832 locum

133 869 213 935 ffirm-
221 868 260 929 de
271 869 468 949 optimatibus
475 870 636 942 concludit,
647 864 841 929 adolescentes
856 869 892 929 sd
905 888 1004 927 ver-sm
1017 869 1149 943 laudem,

134 955 299 1045 essiones
312 958 457 1045 majorem
473 959 671 1027 imitationem·
682 954 852 1038 excitando,
867 965 1012 1045 simulque
1022 967 1149 1044 optima-
1174 954 1176 959 ’

136 1063 198 1122 dure
209 1062 380 1142 dignitatem
391 1063 532 1142 exemplis
541 1082 583 1122 ex
590 1070 760 1124 mmmm
774 1077 804 1122 et
814 1065 1014 1122 llomsnoruns
1026 1050 1149 1121 liistoria

138 1159 224 1238 petitis
236 1160 379 1228 fllusuat,
391 1179 455 1237 cap.
467 1160 564 1218 6668.
632 1177 636 1183 ·
730 1196 735 1204 ·
1029 1167 1032 1173 '

167 1259 199 1313 In
212 1257 397 1334 peroratione
411 1258 540 1316 Sextium
556 1277 615 1315 suae
627 1255 741 1326 salutis,
754 1255 884 1333 judicum
898 1256 1076 1315 auctoritatis
1087 1274 1146 1314 non

141 1353 213 1411 semel
232 1353 416 1412 defensorem
433 1353 538 1431 injuria
551 1353 588 1413 de
608 1355 639 1412 vi
659 1365 823 1412 accusatum
838 1353 985 1431 judicibus
1000 1373 1149 1411 commen·

92 1506 98 1517 ,
141 1446 193 1520 dat,
210 1468 318 1526 eosque
333 1449 505 1522 obtestatur,
518 1463 550 1508 ut
564 1450 588 1508 si
604 1470 635 1507 sc
650 1450 761 1507 salvum
776 1468 838 1506 esse
851 1448 957 1515 velint,
969 1468 1019 1506 eos
1034 1468 1148 1506 conser-

141 1557 210 1615 vent,
222 1565 277 1623 per
287 1566 361 1623 quos
379 1566 410 1605 se
425 1547 519 1624 ipsum
533 1545 749 1624 recuperarint,
765 1564 830 1622 cap.
843 1544 894 1620 69.

171 1643 300 1700 Ceterum
314 1644 445 1701 Sextium
462 1642 626 1701 absolutum
644 1662 717 1715 esse,
732 1661 857 1719 eumque
871 1640 977 1699 deinde
991 1652 1147 1719 praetorem

146 1735 215 1796 inisse
230 1757 298 1796 anu.
313 1737 387 1799 Urb.
403 1758 461 1812 7⁰0
475 1752 597 1798 constat.

165 2045 283 2105 Cuildtet
297 2058 393 2104 autem
408 2045 485 2104 banc
497 2046 656 2104 orationem
669 2044 842 2124 perlegenti,
855 2043 928 2103 illud
943 2045 1063 2102 fortasse
1076 2043 1149 2103 sub·

140 2141 245 2211 orietm,
262 2142 355 2200 multo
369 2141 502 2220 pluribus
516 2142 639 2200 oratoris
653 2141 785 2200 exsilium
799 2161 832 2198 ac
846 2139 988 2213 reditum,
1009 2160 1096 2218 quam
1107 2142 1150 2198 rei

139 2234 324 2296 defensionem
338 2236 461 2296 facunde
476 2236 615 2308 describi;
632 2238 711 2316 quod
733 2236 806 2295 adeo
827 2255 880 2295 nos
896 2236 1076 2295 dissimulare
1090 2255 1150 2294 non

137 2333 302 2408 querimus,
333 2346 366 2392 ut
392 2344 494 2393 contra
519 2335 660 2412 legentem
687 2333 847 2392 meminisse
870 2333 1010 2403 velimus,
1032 2332 1151 2391 omnino

136 2448 242 2490 musam
264 2429 303 2489 ab
323 2431 480 2507 Hortensio
497 2429 557 2508 jam
574 2431 660 2490 fnisse
673 2443 854 2510 peroratam,
873 2431 963 2489 multa
973 2430 1034 2505 jarn
1049 2430 1151 2508 dispu-

135 2536 188 2583 tata
207 2546 273 2604 quae
289 2526 418 2585 veritatis
430 2525 577 2605 judicibus
592 2514 679 2584 fidem
693 2527 834 2598 facerent3
848 2526 918 2584 nihil
933 2539 1033 2585 nostro
1051 2545 1153 2604 super·

133 2640 204 2703 esse,
222 2641 311 2699 quam
333 2634 367 2680 ut
389 2621 507 2689 dolore,
532 2641 598 2700 quae
618 2621 765 2700 praecipua
788 2622 815 2679 ei
836 2620 889 2679 dos
912 2622 981 2694 fuit,
1003 2620 1151 2680 audientes

132 2731 334 2777 commoveret.
350 2722 416 2791 Qua
430 2733 523 2777 autem
539 2719 649 2777 ratione
663 2719 765 2777 melius
778 2718 809 2776 id
824 2732 1049 2790 consummaret,
1065 2738 1151 2796 quam

131 2813 362 2892 siquaecumque
379 2835 533 2894 perpessus
555 2830 617 2875 erat
641 2816 716 2874 mala
735 2816 795 2891 ipse
817 2829 962 2887 narraret,
989 2815 1152 2894 gratiasque

130 2910 261 2988 publicas
273 2914 414 2970 servatori
426 2912 524 2972 Sextio
534 2927 562 2971 et
575 2926 671 2991 ageret
681 2926 712 2971 et
723 2912 862 2971 haberet?
875 2917 911 2971 Sc
924 2913 1000 2971 enim
1013 2913 1074 2991 ipse
1087 2933 1152 2971 cum

129 3027 180 3066 reo
194 3008 383 3082 defendebat,
399 3009 461 3088 ipse
473 3031 490 3069 a
504 3010 605 3069 Clodio
619 3012 731 3070 occulte
746 3031 800 3090 per
814 3011 943 3069 Sextium
960 3010 1153 3089 petebamus

129 3124 188 3181 qno
202 3104 324 3163 factioso
337 3104 453 3164 homine
468 3119 500 3163 ut
515 3107 636 3165 Romani
658 3107 867 3178 abhorrerent,
882 3127 997 3164 necesse
1013 3119 1076 3164 crat
1090 3127 1153 3165 sce·

129 3199 200 3257 festa
214 3200 276 3278 ejus
296 3202 424 3260 facinora
442 3222 501 3260 uon
520 3203 608 3261 semel
628 3204 669 3261 eis
689 3204 849 3261 ostendere.
883 3208 950 3261 Duo
972 3217 1067 3261 autem
1086 3204 1153 3263 inde

129 3295 377 3373 consequebatur,
391 3298 513 3357 alterum
532 3310 564 3357 ut
585 3299 750 3377 reipublice
763 3320 796 3357 ac
811 3298 867 3357 sibi
881 3298 944 3377 ipse
957 3299 1153 3376 satisfaceret,

129 3393 252 3452 alterum
272 3407 305 3453 ut
324 3415 375 3454 sua
395 3396 524 3473 pericula
546 3416 610 3454 cum
626 3398 763 3456 Romanis
781 3398 1021 3479 communicaret,
1044 3412 1072 3456 et
1088 3399 1153 3457 illos

129 3489 375 3566 quemadmodum
388 3491 417 3549 in
432 3491 639 3560 calamitatum,
649 3493 688 3550 ita
701 3494 731 3550 in
743 3494 842 3552 salutis
853 3494 1017 3552 societatem
1025 3509 1152 3553 vocaret.

170 3591 267 3665 Atque
289 3587 360 3645 illud
381 3588 465 3647 etiam
482 3588 565 3647 nobis
583 3590 753 3668 plerumque
768 3597 906 3650 Veterum
927 3592 1071 3650 orationes
1096 3606 1153 3650 tra·

130 3686 275 3745 etantibns
299 3688 396 3746 fucum
421 3690 504 3762 facit,
519 3689 596 3767 quod
619 3694 770 3748 &vocatos
795 3692 861 3770 (qui
881 3692 959 3770 apud
980 3695 1154 3751 recentiores

130 3801 199 3840 usus
214 3783 348 3863 invaluit)
362 3785 463 3843 audire
476 3805 529 3843 nos
544 3798 693 3863 putamus;
712 3807 801 3864 quum
821 3801 922 3845 contra
942 3788 1101 3865 gravissimi
1119 3809 1152 3846 ac

131 3897 249 3937 summae
261 3879 442 3938 auctoritatis
456 3881 524 3950 viri,
539 3883 657 3941 summis
674 3882 885 3960 magistratibus
898 3885 1027 3942 defuncti
1047 3885 1082 3942 ad
1104 3885 1153 3943 de·

133 3974 292 4034 feudeudos
303 3995 370 4034 reos
386 3988 599 4054 consurgerent.
615 3976 728 4050 Quibus
740 3997 808 4036 sane
823 3979 976 4057 pulchrum
991 3992 1019 4037 et
1038 4000 1152 4057 Quum

133 4084 194 4129 crat
211 4071 248 4131 de
261 4092 292 4131 se
307 4072 380 4152 ipsis
392 4071 481 4131 verba
495 4073 604 4147 facere,
619 4095 707 4152 quum
728 4074 844 4154 publice
866 4076 971 4135 civium
991 4095 1076 4134 causa
1092 4077 1155 4133 viu-
