2662 4778
231 227 276 309 34
547 226 597 294 Μ.
620 225 659 292 Τ.
685 224 985 296 CICERONIS

230 355 351 447 Atque
364 346 434 419 illis
449 359 529 416 tum
550 361 627 417 erat
639 345 778 418 reditus
797 349 837 418 in
854 371 937 418 suas
955 350 1134 437 civitates,
1151 349 1197 422 ad
1216 376 1302 423 suos

231 452 323 531 larci
338 456 549 544 familiares3
565 458 656 527 etin
671 456 735 528 illo
754 459 941 529 communi
956 458 1186 532 incommodo
1202 462 1300 533 nulla

229 571 267 639 in
286 590 510 665 quemquam
532 568 681 663 propria
696 569 894 664 ignominia
913 570 1123 640 nominatim
1136 568 1294 643 cadebat.

228 684 307 750 Hoc
321 701 407 748 vero
421 674 511 773 quid
526 677 605 746 est?
623 676 876 747 exterminabit
892 681 987 749 cives
999 704 1169 752 romanos
1182 681 1294 754 edicto

229 787 359 860 consul
373 812 393 858 a
407 789 481 857 suis
497 785 565 857 diis
579 786 794 884 penatibus?
810 788 967 885 expellet
980 814 1001 860 a
1016 792 1151 888 patria?
1167 791 1295 889 deliget

228 923 338 998 quem
357 898 477 968 voleti’
497 896 685 968 damnabit
702 911 812 995 atque
826 899 946 994 ejiciet
964 901 1201 971 nominatim?
1218 905 1295 989 ilic,

229 1015 258 1082 si
285 1034 458 1106 umquam
483 1032 653 1095 roseos,
683 1011 748 1106 qui
772 1034 872 1081 nuuc
898 1012 983 1081 estis
997 1013 1025 1097 ⁴,
1050 1013 1089 1082 in
1115 1011 1296 1110 republica

226 1121 304 1193 fore
322 1134 503 1220 putasset,
522 1121 552 1190 si
571 1119 731 1217 denique
748 1120 943 1216 imaginem
960 1119 1180 1216 judiciorum
1191 1118 1218 1208 ⁵,
1237 1136 1296 1193 aut

227 1232 458 1304 simulacrum
492 1230 641 1327 aliquod
676 1228 882 1300 futurum
874 1255 910 1301 m
944 1233 1087 1303 civitate
1115 1232 1296 1328 reliquum

226 1341 455 1429 dedidisset,
477 1364 653 1438 umquam
679 1364 787 1411 ausus
809 1356 903 1413 esset
931 1357 1095 1414 senatum
1115 1341 1162 1412 de
1188 1364 1294 1440 repu-

224 1455 319 1527 blica
336 1452 488 1525 tollere?
509 1453 675 1577 equitum
691 1474 928 1522 romanorum
949 1476 1074 1551 preces
1092 1450 1298 1549 aspernari?

225 1567 356 1637 civium
380 1562 538 1658 denique
564 1564 748 1648 omnium,
771 1561 875 1631 novis
899 1576 936 1632 et
960 1560 1131 1632 inauditis
1150 1558 1295 1642 edictis,

220 1678 280 1768 jus
299 1666 602 1768 libertatemque⁶
623 1670 854 1768 pervertere?

272 1784 348 1854 Etsi
372 1805 431 1851 me
453 1781 697 1851 attentissimis
716 1780 845 1851 animis
865 1804 1006 1851 summa
1024 1804 1109 1851 cum
1126 1778 1294 1875 benigni·

223 1885 294 1964 tate
311 1891 463 1976 auditis,
480 1890 635 1986 judices,
654 1905 778 1960 tamen
797 1914 935 1978 vereor,
962 1914 1009 1961 ne
1028 1891 1111 1986 quis
1126 1888 1221 1960 sorte
1236 1910 1294 1957 re·

223 2017 339 2075 strum
354 2006 517 2087 miretur,
534 2000 623 2097 quid
636 2000 712 2070 baec
728 2024 808 2072 mea
822 2002 940 2071 oratio
957 2014 1030 2070 tam
1044 1999 1152 2096 longa
1166 2020 1211 2069 ae
1221 2010 1292 2069 tam

222 2215 253 2263 ab
267 2212 334 2260 Urbe
345 2209 445 2259 condita
459 2209 520 2270 267,
531 2225 580 2273 qua
593 2209 625 2257 de
637 2226 665 2257 re
676 2211 736 2257 acri-
782 2210 888 2258 civitatis
896 2211 951 2272 jus,
963 2220 1105 2268 musana,
1114 2207 1196 2256 donec
1205 2208 1294 2273 puta

221 2303 292 2357 ptum
302 2300 339 2339 est
347 2288 415 2354 apud
427 2288 574 2353 Dionysium
585 2288 737 2335 Halicarnas·
781 2298 848 2335 retur
863 2288 904 2336 lex
914 2310 934 2335 ι.
948 2288 1043 2336 Deinde
1060 2303 1126 2336 auno
1138 2297 1198 2353 post
1215 2286 1248 2336 11.
1266 2287 1293 2336 (L

223 2387 305 2427 seum‚
332 2368 377 2416 lib.
403 2369 453 2416 xtl
468 2382 474 2414 :
491 2391 504 2411 ι
524 2367 562 2415 Ibi
589 2367 737 2414 acclamante
783 2368 843 2426 531,
856 2384 933 2431 quum
942 2371 971 2418 C.
984 2368 1089 2416 Fannius
1102 2382 1154 2416 eos.
1165 2378 1293 2415 manaa

221 2449 316 2516 populo
341 2458 369 2495 ut
398 2448 531 2495 rectissime
556 2447 684 2503 monenti,
711 2456 737 2493 et
781 2447 810 2497 C.
829 2447 942 2496 Graccbo
960 2446 993 2494 ad
1007 2446 1150 2509 mffiagium
1169 2445 1295 2495 indm

221 2528 362 2594 postulante
376 2526 429 2573 tolli
442 2542 473 2574 ex
485 2526 539 2590 lege
550 2536 644 2590 partem
657 2524 738 2581 illam,
780 2525 879 2574 latinos
898 2525 984 2575 eodem
998 2525 1039 2573 die
1057 2526 1123 2574 exire
1134 2523 1197 2574 urbe
1206 2524 1294 2587 iuau't:

222 2623 277 2674 qute
287 2607 395 2671 gigneret
404 2604 547 2664 dissidium,
557 2604 655 2653 Cassius
664 2605 736 2667 inops
780 2620 828 2667 qua
842 2604 873 2652 de
893 2622 920 2653 re
934 2604 1063 2670 Appiauus
1078 2616 1177 2670 aperte,
1190 2619 1239 2653 nec
1249 2601 1297 2652 ob·

222 2685 334 2742 consilii,
345 2695 373 2732 ut
382 2684 425 2748 qui
434 2700 479 2732 nec
488 2684 603 2731 absistere
613 2698 626 2730 a
636 2682 735 2730 serenda
780 2698 851 2731 seure
861 2683 994 2732 admodum
1003 2684 1089 2732 Cieem
1100 2685 1125 2731 iu
1134 2684 1223 2733 Bmto.

220 2767 275 2830 lege
284 2764 368 2820 vellet,
378 2778 423 2811 uec
432 2772 515 2827 posset
523 2778 623 2826 pergere
631 2761 736 2809 tribunis
817 2771 844 2818 4.
859 2764 905 2810 Eos
911 2797 920 2820 ,
933 2762 978 2827 qai
986 2779 1054 2810 aune
1061 2761 1124 2810 estis.
1133 2764 1226 2827 Magna
1236 2776 1291 2828 pa*

222 2842 423 2898 adversantibus,
441 2852 499 2889 tunc
520 2841 612 2889 dimisit
634 2842 735 2902 concio·
780 2840 846 2890 ditos
866 2841 1022 2898 auctoritate,
1045 2851 1069 2889 et
1094 2857 1152 2888 cum
1175 2850 1290 2905 potestate

223 2939 292 2980 nem,
303 2920 460 2986 sequentibus
468 2936 527 2967 aero
538 2918 625 2967 diebus
635 2918 736 2966 infirmi·
778 2919 922 2981 judicsndi:
933 2920 1040 2984 sperarit
1049 2920 1115 2967 enim
1124 2916 1188 2977 fore,
1195 2928 1225 2969 ut
1235 2917 1289 2968 boui

222 3013 295 3049 tatem
305 3000 436 3058 simulans,
448 2993 504 3047 uon'
510 2998 615 3064 amplius
625 2998 737 3047 veniebat
778 2998 901 3059 iacerent,
911 2998 1020 3064 improbi
1033 2998 1227 3049 domnamant.

222 3084 249 3128 in
263 3081 358 3135 lorum,
373 3079 417 3127 aed
427 3078 496 3127 domi
505 3094 604 3126 manens
616 3077 665 3125 boc
678 3094 736 3142 age·
818 3079 842 3126 5.
850 3078 990 3142 Imaginem
999 3076 1154 3139 judiciem.
1162 3077 1292 3138 stindtm,

224 3159 282 3216 bat,
305 3168 333 3205 ut
358 3175 403 3222 per
424 3160 474 3206 vim
495 3158 574 3222 legem
598 3157 690 3216 ferret,
712 3168 736 3206 et
779 3167 823 3204 ant
844 3156 946 3204 omnino
967 3155 1110 3219 imaginem,
1129 3166 1175 3204 aut
1195 3157 1291 3206 simula·

222 3236 361 3284 accersebat
374 3236 408 3283 ad
426 3237 540 3300 suffragia
560 3253 592 3284 ex
606 3236 698 3284 Latinis
712 3247 737 3285 et
779 3250 848 3283 crum
862 3235 940 3283 ullum
949 3235 1099 3296 judiciorum
1112 3235 1166 3285 iore
1176 3235 1294 3287 credidis-

223 3314 337 3363 Heruieis
359 3325 484 3379 quotquot
502 3325 608 3380 poterat.
629 3315 670 3364 Illi
690 3317 737 3363 fra·
780 3317 1055 3379 set,inremp.uontsns
1062 3314 1293 3380 uelat-iepeeeasass:

224 3403 326 3458 quentes
335 3394 527 3455 conveniebant,
535 3393 651 3458 brevique
661 3394 737 3459 reple·
780 3396 892 3459 peccavit
904 3404 993 3452 autem,
1004 3395 1061 3458 quia
1072 3393 1190 3458 credidit,
1198 3396 1294 3447 mtte-

223 3483 248 3519 ta
269 3483 306 3519 est
320 3471 378 3519 urbs
393 3470 542 3536 hospitibus.
563 3473 618 3521 Hoc
635 3475 736 3538 cognito
780 3474 826 3521 etia
840 3474 958 3534 judiciis,
978 3488 1077 3538 poeuam
1094 3472 1295 3539 delinquentib-

222 3549 348 3612 Virginius
370 3565 432 3597 voce
451 3552 571 3615 preconis
593 3552 671 3600 edixit
693 3568 736 3617 per
779 3553 872 3601 nullam
880 3554 996 3602 futuram.

223 3628 348 3691 compita,
364 3638 392 3676 ut
412 3645 512 3689 omues,
524 3631 613 3694 quibus
631 3632 658 3679 in
674 3632 736 3680 urbe
815 3632 840 3680 6.
857 3634 901 3680 lus
912 3633 1103 3698 libertatemque.
1120 3635 1167 3682 Ji!
1179 3643 1207 3682 st
1220 3632 1296 3686 liber·

223 3723 274 3754 non
296 3717 359 3755 esset
381 3707 547 3769 domicilium,
572 3710 734 3769 excederent,
779 3723 851 3762 tatem
861 3715 980 3763 Gabinius
993 3714 1083 3780 eripuit
1094 3715 1297 3782 civibus‚qnan

221 3783 342 3849 praefinito
367 3787 399 3834 ad
422 3789 448 3836 id
472 3806 523 3839 nou
541 3806 630 3853 magno
653 3791 734 3855 spatio
778 3807 834 3849 eos,
853 3809 924 3841 suum
941 3793 1052 3841 dolorem
1071 3802 1138 3842 veste
1153 3804 1250 3845 mutata
1263 3799 1297 3847 d-

221 3864 346 3926 temporis.
365 3865 460 3916 &seius
478 3885 538 3917 vero
551 3870 623 3929 jussit
639 3881 734 3918 contra·
777 3870 931 3935 gnificantes‚
944 3872 976 3920 ad
986 3873 1202 3938 vestitumque
1215 3873 1298 3942 depo-

218 3942 282 3989 rium
290 3942 441 4006 proclamari,
449 3959 476 3997 ut
484 3959 608 4012 quotquot
616 3948 732 3997 baberent
778 3952 1065 4013 ruerant,redirejnssit.
