2656 5258
294 378 491 448 ORATIO
516 377 616 446 PRO
641 376 678 444 P.
705 375 912 446 SEXTIO.
1094 382 1139 456 33

10 516 30 544 *
95 502 239 589 luisseut3
260 501 402 571 venisse
425 513 572 596 tempus
591 499 654 584 iis,
677 498 741 595 qui
768 501 806 568 in
833 501 964 572 timore
989 499 1140 576 fuissent

90 614 301 710 (conjuratos
317 609 487 680 videlicet
503 607 691 702 dicebat),
707 609 904 681 ulciscendi
920 637 968 683 se.
982 617 1018 684 Si
1034 614 1141 687 dixia-

84 739 125 795 set
151 724 219 794 boc
247 720 385 806 solum,
410 721 512 789 omui
540 717 719 816 supplicio
747 733 840 790 esset
870 719 1028 817 dignus:
1054 748 1137 795 nam

10 828 24 870 Ὗ
81 834 181 904 oratio
207 836 287 930 ipsa
316 828 477 901 consulis
503 828 704 926 perniciosa
730 842 850 926 potest
876 829 1139 928 rempublicam

74 943 293 1015 labefactare.
322 938 422 1030 Quid
450 936 593 1026 fecerit,
626 938 754 1009 videte.
784 942 823 1008 L.
852 943 1030 1030 Lamiam,
1056 947 1138 1040 qui,

71 1079 182 1151 quum
197 1077 260 1124 me
282 1053 404 1149 ipsum
430 1073 497 1146 pro
513 1072 652 1118 summa
670 1045 928 1137 familiaritate,
951 1074 1031 1147 quae
1049 1053 1139 1124 mihi

10 1245 12 1262 Ι
68 1189 149 1236 cum
176 1161 312 1249 fratre,
339 1183 424 1232 cum
449 1173 552 1256 patre
580 1157 659 1253 ejus
684 1172 780 1243 erat,
808 1160 914 1231 unice
945 1160 1139 1259 diligebat,

65 1290 141 1346 tum
159 1298 230 1372 pro
249 1270 437 1369 republica
455 1268 512 1341 vel
535 1283 690 1340 mortem
711 1283 882 1365 oppetere
901 1270 1085 1369 cupiebat,
1100 1275 1136 1344 iu

62 1385 242 1456 concione
275 1381 471 1481 relegavit3
501 1378 704 1475 edixitque,
734 1391 775 1447 ut
802 1377 847 1448 ab
875 1378 966 1451 urbe
998 1381 1140 1454 abesset

58 1494 174 1565 millia
191 1516 366 1591 passuum
389 1489 562 1574 ducenta,
585 1486 685 1585 quod
705 1501 799 1558 esset
816 1511 925 1559 ausus
946 1502 1035 1586 pro⁷
1056 1495 1137 1580 civi,

59 1628 129 1701 pro
148 1601 248 1674 bene
268 1600 400 1671 merito
419 1600 507 1685 civi,
524 1622 593 1696 pro
613 1600 750 1685 amice,
777 1590 844 1695 pro
870 1597 1056 1696 republica
1077 1601 1137 1675 de-

61 1714 214 1810 precari.

107 1825 206 1893 XIII.
244 1821 345 1913 Quid
372 1820 444 1891 hoc
473 1819 622 1890 homine
652 1818 806 1889 facias¹?
830 1835 892 1890 aut
916 1845 991 1918 quo
1018 1823 1132 1894 civem

60 1933 314 2028 importunum
326 1942 355 2016 ²,
373 1945 436 2001 aut
451 1955 526 2026 quo
540 1931 661 2026 potius
679 1929 819 2000 hostem
835 1944 908 2021 tam
923 1932 1135 2004 sceleratum

60 2041 245 2113 reserves?
268 2042 356 2137 qui,
380 2056 421 2112 ut
444 2043 606 2111 omittam
633 2055 772 2121 cetera,
799 2064 878 2135 quae
897 2056 983 2112 sunt
999 2036 1032 2113 el
1051 2068 1133 2114 cum

10 2218 12 2245 ÷
59 2151 193 2248 collega
212 2152 362 2220 immani
386 2152 602 2248 impuroque
626 2148 820 2242 conjuncta
845 2164 955 2246 atque
975 2174 1134 2224 commu·

61 2263 138 2348 nia,
172 2261 245 2332 hoc
280 2286 396 2330 unum
430 2259 540 2330 habet
571 2260 780 2357 proprium,
817 2274 857 2329 ut
886 2261 1066 2357 expulerit
1089 2289 1134 2336 ex

61 2371 174 2457 urbe,
202 2372 391 2469 relegarit,
415 2396 491 2440 uon
519 2369 600 2440 dico
630 2371 790 2466 equitem
817 2395 1027 2455 romanum,
1056 2400 1133 2446 non
1208 2435 1209 2439 ,

62 2485 328 2554 ornatissimum
357 2495 468 2577 atque
494 2479 672 2576 optimum
699 2481 834 2560 virum,
862 2504 937 2550 uon
962 2484 1133 2555 amicissi-

65 2617 158 2660 mum
183 2589 397 2688 reipublicae
423 2592 557 2675 civem,
582 2614 656 2659 non
682 2589 745 2659 illo
771 2590 848 2685 ipso
873 2603 1037 2687 tempore
1059 2619 1132 2665 una
1183 2665 1186 2671 ,

63 2725 137 2771 cum
157 2717 305 2787 senatu,
323 2717 459 2771 etcum
479 2698 585 2770 bonis
602 2699 788 2779 omnibus,
808 2724 929 2769 casum
945 2704 1049 2773 amici
1065 2709 1131 2775 rei·

64 2837 125 2908 que
143 2810 303 2908 publicae
322 2811 527 2907 lugentem3
543 2809 605 2881 sed
621 2812 735 2880 civem
755 2834 944 2880 romanum
959 2815 1036 2882 sine
1052 2814 1129 2887 ullo

61 2921 211 3015 judicio,
240 2936 304 2992 aut
332 2920 470 3006 edicto,
496 2946 539 2990 ex
566 2922 679 3018 patria
704 2921 831 2991 consul
853 2922 1009 3015 ejecerit.
1030 2925 1130 2996 Nihil

63 3033 220 3104 werbius
239 3033 327 3103 socii
347 3032 464 3101 Latini
484 3030 578 3102 ferre
592 3030 687 3101 soliti
700 3044 805 3115 suut,
826 3055 957 3126 quam,
976 3029 1010 3100 id
1028 3034 1128 3128 quod

64 3167 204 3238 perraro
229 3140 362 3212 accidit
372 3136 401 3227 ³,
423 3166 467 3211 ex
487 3139 580 3211 urbe
605 3143 703 3212 exire
724 3167 743 3211 a
766 3138 977 3211 consulibus
993 3140 1126 3234 juberi.

90 3327 112 3368 7.
140 3311 189 3356 Pro
202 3306 260 3354 civi.
281 3305 335 3354 Givr'
347 3304 566 3368 legitl’riaciauua‚
614 3308 693 3369 primo
704 3306 904 3353 accusationum«
914 3305 980 3368 Quid
993 3306 1041 3354 boc
1049 3309 1126 3360 horni-

59 3384 405 3450 tib.V11,etproPlaucio:
424 3384 514 3446 ·Quid
531 3384 569 3432 di·
613 3402 644 3433 ne
660 3386 770 3434 faciatis?
787 3397 829 3433 aut
848 3401 920 3448 quam
939 3385 971 3432 ad
989 3404 1056 3450 apem
1077 3400 1124 3438 tam

58 3486 102 3518 tn
111 3471 142 3519 de
154 3469 200 3517 uti
214 3467 276 3527 civi,
289 3478 315 3515 et
327 3468 418 3514 rimi·
431 3467 462 3513 Et
473 3465 516 3514 lib.
533 3468 568 3512 1v
612 3465 784 3530 perfidiosum,
797 3476 845 3512 taur
857 3467 1024 3530 importunum
1036 3470 1123 3519 animal

56 3549 184 3598 iuvenem
197 3563 206 3597 τ
218 3570 232 3588 ι
241 3545 317 3609 Quod
329 3544 426 3593 Siculus
439 3560 453 3590 a
467 3544 517 3591 civi
527 3560 567 3591 ru·
612 3547 755 3592 reservetis?
764 3568 775 3586 ι

56 3644 120 3676 nm
136 3652 159 3677 ι.
178 3626 294 3676 Ibidem:
315 3622 414 3686 ·Quod
431 3623 491 3670 civia
509 3640 565 3671 curu
647 3640 671 3670 a.
700 3626 876 3687 Importunum.
905 3624 1053 3687 Crudelem,
1080 3633 1123 3691 qui

56 3709 216 3772 attingeret».
255 3770 259 3777 ι
609 3705 684 3750 instar
694 3704 791 3767 tyranni
803 3715 845 3752 aut
854 3704 954 3751 latronis
964 3704 1078 3753 omuibus
1086 3720 1122 3755 eat

83 3788 156 3834 ΠΗ.
173 3800 199 3834 ι.
218 3782 288 3848 Quid
297 3781 343 3829 lice
355 3778 564 3843 hominefacias?
608 3782 719 3830 infertur.

56 3867 153 3929 lntiqm
179 3864 292 3920 locutio,
313 3861 375 3908 huic
400 3871 484 3907 neutro
507 3862 563 3907 aaut
645 3863 669 3908 3.
695 3861 730 3908 ld
749 3860 818 3925 quod
831 3877 934 3924 perraro
958 3863 1055 3910 accidit.
1081 3867 1120 3912 llis

56 3940 412 4008 dtatazquametacomicir
425 3950 563 4002 usurpatam
609 3939 710 3986 omnino
731 3955 737 3986 :
761 3940 883 4003 primum,
907 3941 989 3989 edicto
1019 3944 1118 3992 Proculi

55 4025 210 4071 mamimus:
239 4020 366 4069 subaudiri
394 4018 491 4066 videtur
515 4019 563 4073 de,·
608 4018 713 4080 Virgiuii
732 4021 851 4077 conculis,
864 4037 939 4084 quum
954 4022 995 4085 Sp.
1011 4024 1117 4071 Cassium

56 4101 195 4151 buitautm
209 4102 267 4149 loco
277 4098 418 4148 simulitum
432 4098 521 4147 ertille
532 4115 563 4146 ex
608 4098 766 4147 Viscellinum
784 4099 901 4163 collegam
921 4101 1036 4161 haberet,
1054 4119 1118 4149 auno

118 4193 162 4258 V.
191 4207 238 4256 Cic.
247 4221 306 4272 pars
317 4201 434 4255 munda,
1003 4187 1024 4255 3
