2656 5258
340 373 548 445 onemo
572 373 678 442 ruo
706 373 743 440 r.
771 337 978 441 sa‘xrro.
1148 377 1193 458 m

134 496 181 593 vtd
204 497 352 570 salutem
376 518 611 569 communem
636 496 801 565 omnium
829 494 984 583 civium,
1014 509 1050 567 et
1079 520 1195 595 prope

99 626 102 637 '
138 610 306 704 gentium,
334 609 580 705 pertinereut3
613 629 656 677 ea
685 605 895 676 conditione
925 628 1127 702 gesseram,
1155 621 1198 677 ut

131 740 245 789 meum
260 716 396 789 sactum
415 738 562 812 semper·
577 738 704 785 omnes
722 729 888 812 praestare
903 719 1070 813 tuerique
1088 712 1196 788 debe·

126 842 216 899 rent
244 831 330 899 Erat
358 839 480 898 autem
510 824 600 895 mibi
631 828 818 896 contentio
848 849 925 897 non
949 849 1034 897 cum
1058 826 1195 898 victore

126 939 308 1027 exercitu,
331 936 397 1009 sed
414 959 499 1008 cum
520 939 641 1033 operis
660 935 869 1025 conductis,
893 951 930 1007 et
952 936 997 1007 ad
1022 937 1193 1035 diripien-

126 1045 206 1119 dam
219 1046 350 1120 urbem
364 1046 573 1129 concitatis;
589 1043 768 1117 habebam
781 1046 967 1116 inimicum
980 1070 1054 1116 non
1067 1049 1107 1116 C.
1120 1049 1194 1116 Ma·

131 1158 237 1246 rium,
255 1173 432 1230 terrorem
447 1156 607 1227 hostium
618 1209 628 1243 ‚
641 1180 745 1254 spem
760 1155 1035 1254 subsidiumque
1051 1156 1192 1254 patriae3

135 1265 190 1337 sed
202 1266 276 1339 duo
289 1268 502 1365 importuna
515 1264 699 1363 prodigia,
717 1290 810 1361 quos
823 1281 959 1363 egestas
968 1275 996 1354 ¹,
1010 1290 1104 1364 quos
1115 1267 1194 1337 aeris

143 1374 230 1447 alieni
263 1374 503 1474 magnitudo,
535 1400 629 1472 quos
661 1374 801 1462 levitas,
833 1400 927 1474 quos
957 1375 1192 1473 improbitas²

147 1483 273 1556 tribum
306 1485 422 1584 plebis
453 1489 667 1556 constrictos
693 1482 889 1555 addixerat.
919 1489 995 1557 Nec
1024 1484 1113 1555 mihi
1136 1509 1193 1558 res

152 1609 206 1665 crat
236 1619 322 1667 cum
357 1596 570 1680 Saturnino,
610 1595 693 1692 qui,
732 1594 832 1692 quod
865 1617 887 1664 a
926 1617 981 1680 se,
1014 1608 1192 1692 quaestore

154 1702 316 1792 Ostiensi&
334 1730 401 1804 per
420 1707 674 1803 ignominiam,
694 1704 739 1775 ad
762 1705 961 1803 principem
990 1718 1026 1774 et
1047 1717 1192 1774 senatus

155 1817 371 1902 novitatis⁴,
393 1820 442 1886 M.
467 1818 662 1902 Scaurum,
686 1838 762 1885 rem
783 1813 1053 1885 frumentariam
1074 1827 1192 1884 nans·

152 1918 232 1994 latam
265 1923 421 2009 sciebat,
455 1923 620 1996 dolorem
654 1949 761 1995 suum
794 1949 924 2022 magna
955 1925 1189 1996 contentione

153 2034 236 2105 animi
261 2034 574 2133 persequebatur;
600 2032 665 2105 sed
688 2059 772 2106 cum
798 2058 1003 2105 scurrarum
1029 2032 1189 2129 locuple·

154 2143 238 2214 tium⁵
253 2160 392 2230 scorto,
410 2169 495 2215 cum
514 2145 648 2216 sororis
663 2143 828 2215 adultero
839 2141 867 2231 ⁶,
882 2167 965 2214 oum
979 2157 1190 2240 stuprorum

151 2255 330 2343 sacerdote,
359 2280 445 2328 cum
473 2253 653 2343 venefico,
683 2279 767 2326 cum
793 2258 1079 2341 testamentario,
1107 2276 1191 2323 curn

152 2362 268 2454 imno,
282 2389 369 2436 cum
383 2365 522 2436 latrone
538 2391 546 2434 :
564 2389 658 2462 quos
674 2364 840 2437 homines
853 2368 900 2451 si,
916 2365 954 2436 id
971 2363 1071 2463 quod
1088 2362 1189 2435 facile

153 2467 225 2543 lanu
235 2472 323 2561 tuit,
340 2489 378 2546 et
391 2474 492 2571 quod
506 2472 585 2545 fieri
603 2473 749 2563 debuit,
762 2474 936 2572 quodque
951 2499 971 2545 a
986 2499 1047 2546 me
1060 2474 1190 2572 optimi

153 2596 178 2652 et
192 2580 364 2656 fortissimi
382 2584 501 2657 cives⁷
528 2582 752 2682 flagitabant,
771 2590 804 2655 vi
825 2588 1007 2682 armisque
1025 2608 1189 2683 superas·

174 2752 242 2803 xvn.
257 2771 281 2803 r.
293 2756 412 2819 Egestas,
424 2770 485 2817 quos
496 2753 551 2801 ceris
560 2750 637 2802 alieni
679 2766 739 2802 natu
748 2771 859 2803 censores
871 2756 975 2818 primum
985 2753 1099 2818 legissent
1110 2768 1116 2802 :
1129 2754 1190 2801 civi·

150 2843 272 2905 negando.
281 2847 340 2893 nac
349 2842 381 2889 ad
390 2841 520 2889 Gabinium
527 2853 636 2905 specim
680 2836 746 2892 tetis,
759 2835 793 2882 ob
802 2850 908 2882 summos
917 2833 1024 2881 bonores
1033 2834 1122 2880 eximis
1132 2848 1188 2880 cum

149 2920 337 2987 fitileeognosoet
353 2923 393 2979 is,
415 2922 473 2984 qui,
496 2937 550 2984 qnae
563 2937 635 2985 supra
678 2913 750 2961 laude
761 2914 949 2961 administrator.
1029 2945 1034 2954 .

147 2998 193 3048 iltis
203 3014 269 3061 sunt,
284 3002 429 3050 meminerit.
716 2994 741 3042 5.
759 2996 901 3039 Scin-rarum
918 2990 1081 3053 locupletium.
1096 2991 1133 3037 De
1146 3005 1190 3036 eo·

169 3097 188 3128 a.
204 3082 357 3145 Inprobius.
370 3083 409 3129 De
422 3080 510 3127 Pisone
523 3078 632 3126 dietum:
678 3072 733 3120 dem
744 3073 768 3119 in
778 3071 876 3135 bar-usp.
888 3086 952 3134 resp,
965 3069 1029 3132 «qui
1043 3080 1100 3131 post
1112 3069 1189 3133 patrie

143 3174 196 3221 qum
205 3163 361 3222 sceleratum,
370 3159 501 3218 audacem,
511 3158 635 3205 crudelem
678 3162 779 3199 mortem
792 3150 894 3215 primam
904 3148 970 3196 illem
986 3146 1107 3195 etatulam
1121 3164 1189 3195 susm

141 3240 261 3303 μή,
677 3229 709 3279 sd
718 3246 854 3277 scnmrum
863 3227 1021 3292 locupletium
1028 3227 1142 3275 libidines
1151 3228 1191 3276 de·

164 3320 183 3368 ³.
208 3323 335 3384 Questorc
362 3316 472 3365 Ostiensi.
501 3315 634 3363 Recitends
678 3311 745 3368 tulit,
758 3326 864 3374 quorum
880 3307 1063 3371 intemperentia
1077 3307 1189 3373 explete,

137 3410 254 3464 nmque
264 3401 293 3447 in
306 3398 417 3447 oudone
429 3395 531 3459 legimus
544 3395 575 3442 de
588 3395 633 3441 bs·
677 3390 703 3437 in
718 3390 856 3437 domesticis
872 3399 909 3436 est
923 3388 1085 3451 germanitatis
1099 3389 1190 3453 stupris

136 3481 245 3543 nuptm
264 3479 405 3543 responsis:
426 3476 550 3540 pertinent
568 3472 633 3520 enirn
677 3469 826 3516 volutatus».
836 3469 913 3530 Quem
926 3467 1008 3514 locum
1018 3466 1098 3528 adest,
1106 3469 1127 3514 si
1136 3469 1192 3532 qm's

134 3558 223 3607 sdbursc
232 3561 315 3608 locum
324 3576 331 3606 :
341 3580 354 3600 ι
363 3556 533 3610 Saturninum,
540 3554 633 3616 inquit,
678 3547 761 3595 Clodii
771 3558 812 3594 snt
825 3547 914 3594 scelere
928 3556 971 3593 eut
983 3544 1072 3607 flagitis
1086 3547 1189 3594 omnino

133 3638 188 3698 qnod
206 3639 232 3685 iu
246 3653 353 3685 annona
370 3635 470 3682 caritate
489 3643 634 3695 quaestorem
679 3643 825 3690 cognoscere
837 3637 860 3672 et
870 3625 987 3672 astitum
997 3624 1065 3671 velit.

131 3731 182 3764 stoa
191 3718 347 3765 momentaria
357 3712 531 3779 procuratione
539 3722 635 3758 senatus
714 3708 739 3753 6.
752 3705 847 3753 Soteris
861 3705 981 3752 adultero.
995 3702 1087 3750 Uxoris
1100 3704 1128 3752 L.
1143 3706 1192 3751 Lu·

131 3798 226 3854 novit,
245 3798 317 3859 eique
335 3796 370 3842 rei
385 3795 424 3841 M.
442 3794 557 3839 Scaurmn
574 3806 635 3855 prae-
678 3786 752 3845 culli,
773 3785 816 3847 qui
830 3785 958 3848 Tigranem
976 3781 1191 3845 Mithridatemque

130 3875 191 3932 lecit,
211 3877 301 3923 scimus
317 3875 403 3922 dolore
421 3872 512 3919 tactum
526 3886 576 3917 esse
594 3885 636 3933 po
679 3865 731 3911 acie
740 3863 805 3911 vicit.

131 3953 230 4013 palm
241 3977 262 4000 .,
715 3961 739 4006 7.
754 3941 846 4005 Optimi
860 3952 884 3988 et
893 3939 1023 4005 fortissimi
1036 3939 1106 3988 cives.
1115 3943 1192 3989 Maxi·

160 4044 183 4089 t·
199 4034 333 4097 Principem
343 4044 368 4080 et
377 4042 477 4080 senatus
487 4041 512 4077 et
522 4029 633 4077 civitatis.
679 4042 717 4074 me
730 4025 755 4071 L.
768 4022 898 4080 lucullus,
912 4033 940 4068 ut
952 4021 978 4067 in
991 4021 1121 4068 Plutarcho
1131 4022 1191 4068 scri.

132 4111 238 4172 Ssmtus,
253 4113 322 4178 quod
340 4129 395 4160 eum
412 4112 439 4158 in
453 4109 578 4158 recitando
597 4126 634 4156 sc·
680 4118 748 4170 ptum
764 4112 807 4151 est.
