2656 5258
81 39 120 349 l

361 364 559 435 ORATIO
578 365 680 435 PRO
705 365 743 432 P.
771 366 975 441 SEXTIO.
1158 365 1205 451 43

145 501 210 560 tam
228 484 396 584 improbe
409 487 448 556 in
462 485 677 561 clarissimos
690 490 788 558 viros
800 486 983 581 conjecta,
1001 510 1061 559 ma
1073 488 1206 559 movit?

138 601 196 671 Mc
212 621 295 670 vcro
313 621 394 668 non
411 595 507 669 illius
524 599 662 681 oratio,
683 595 746 671 sed
769 606 920 669 eorum¹
943 597 1206 684 taciturnum,

139 707 176 779 in
196 730 285 804 quos
312 705 376 779 illa
403 706 520 777 oratio
543 720 620 778 tarn
642 706 811 805 improba
832 704 1115 778 conserebatur:
1140 709 1206 804 qui

138 830 230 904 tum,
247 840 470 914 quamquam
495 815 546 889 ob
569 816 675 893 aliam
695 841 839 889 causam
858 813 1063 905 tacebaut3,
1083 831 1204 889 tamen

143 924 362 1014 bominibus,
391 929 516 999 omnia
540 927 774 1013 timentibus,
806 927 960 1001 tacendo
984 927 1106 1023 loqui,
1126 951 1204 999 nou

146 1033 323 1107 infitiando
340 1033 509 1109 confiteri
526 1036 753 1110 videbantur.
770 1037 827 1109 llli
848 1053 968 1111 autem
985 1037 1108 1133 aliquo
1124 1052 1203 1109 tum

148 1149 261 1220 timore
275 1148 478 1245 perterriti,
489 1147 591 1243 quod
601 1161 680 1220 acta
693 1147 775 1219 illal
790 1163 1035 1246 atqueomncs
1046 1172 1104 1220 res
1114 1149 1204 1219 anni

81 1287 84 1297 ·
149 1259 327 1355 superioris
340 1254 544 1329 labefactari
559 1281 580 1329 a
593 1256 828 1354 praetoribus,
848 1257 1024 1328 infirmari
1040 1280 1060 1327 a
1075 1270 1205 1331 senatu

81 1379 84 1385 '
151 1380 239 1464 atque
255 1365 485 1466 principibus
510 1363 687 1439 civitatis⁵
709 1366 907 1466 putabant,
928 1365 1115 1439 tribunum
1134 1389 1201 1462 po-

81 1488 84 1499 '
151 1474 318 1572 pularem⁶
331 1501 354 1548 a
367 1502 406 1550 se
418 1477 574 1551 alienare
587 1475 782 1563 nolebant,
799 1501 936 1572 suaque
948 1474 1016 1545 sibi
1033 1475 1202 1572 propiora

154 1587 289 1682 perimila
305 1612 403 1674 csse,
419 1612 529 1684 quam
546 1611 644 1675 mea,
662 1587 920 1685 loquebantur.
939 1585 1009 1657 Sed
1027 1599 1147 1656 tamen
1165 1599 1202 1657 ct

155 1698 276 1770 Crassus
290 1724 312 1769 a
324 1697 538 1771 oonsulibus
554 1723 673 1771 meam
688 1723 830 1769 causam
844 1694 1109 1794 suscipiendam
1125 1718 1201 1767 esse

154 1804 338 1895 dicebat,et
356 1832 485 1880 comm
495 1806 605 1881 fidem
616 1813 810 1907 Pompeius
826 1806 1064 1906 implorabat;
1079 1828 1200 1901 neque

152 1938 181 1987 sc
195 1919 367 2014 privatum
389 1916 536 2016 publice
563 1935 737 2017 susceptae
761 1944 875 1992 causac
895 1916 1106 1991 defuturum
1123 1939 1200 1989 esse

81 2022 111 2080 '·
152 2023 296 2101 dicebat:
317 2053 430 2124 quem
451 2030 569 2100 virum
592 2027 795 2101 studiosum
814 2028 903 2116 mci,
925 2024 1196 2124 cupidissimum

151 2137 334 2234 reipublicae
351 2137 620 2225 conservanda,
633 2139 733 2210 domi
751 2163 839 2211 meac
851 2147 879 2225 ⁷,
897 2138 986 2209 certi
1006 2133 1196 2217 homines,

149 2243 272 2319 adeam
302 2244 381 2319 rem
408 2243 637 2346 compositi⁸,
662 2262 904 2333 monuerunt,
927 2261 969 2318 ut
992 2258 1086 2318 esset
1110 2265 1195 2313 cau·

81 2450 83 2457 Ι
149 2355 219 2443 lion
234 2359 385 2456 ejusque
404 2358 483 2429 vitae
499 2382 591 2430 amc
607 2359 754 2431 insidias
766 2357 864 2457 apud
877 2382 936 2430 me
950 2356 1049 2429 domi
1063 2353 1197 2452 positas

173 2582 255 2633 tvnc
269 2600 293 2634 ι.
304 2583 347 2633 tt
357 2582 637 2635 -fflemmaommc-
682 2588 751 2636 riona
763 2598 873 2651 poterat,
885 2586 943 2650 quia
954 2586 1067 2634 tribunae
1079 2585 1115 2650 pl.
1127 2594 1194 2644 eret,

81 2682 89 2717 t
147 2657 199 2708 bl«
208 2663 234 2709 t.
682 2665 735 2724 vel,
749 2666 806 2728 quia
819 2665 969 2712 facinorosus
980 2675 1004 2712 et
1015 2664 1110 2723 endu,
1122 2664 1192 2711 etiam

81 2730 84 2779 l
172 2753 191 2785 ι.
205 2741 293 2788 Eorum
311 2739 472 2791 tacitatmitar.
495 2743 558 2790 Nam
574 2745 636 2803 eni,
682 2745 840 2808 virt-mirque
853 2745 979 2792 reeietere:
993 2744 1056 2792 hanc
1069 2744 1144 2807 igitur
1159 2743 1193 2791 ob

81 2810 83 2895 ἱ
146 2830 203 2877 qm
214 2830 333 2882 moerent,
346 2821 408 2885 quid
420 2823 550 2881 sentirent,
566 2823 637 2872 intel·
681 2840 776 2872 caueam
790 2825 871 2872 Cesar
880 2824 984 2873 tacebat.
1003 2824 1102 2873 cimus
1112 2833 1192 2870 eutem

145 2893 343 2964 ligimnpotent,
357 2901 636 2967 movebertamen,quie
681 2914 706 2950 et
726 2903 869 2966 Pompeius,
889 2904 945 2967 quir
968 2904 1058 2953 caemri
1079 2902 1192 2950 ferebant

81 2998 83 3031 t
145 2977 229 3026 mento
245 2979 317 3042 loqui
336 2978 493 3040 videbantur,
512 2998 563 3029 non
582 2980 637 3030 infi-
681 2982 741 3029 alter
754 2982 859 3029 amicitie
878 2993 902 3029 ct
922 2982 1030 3030 coitione
1051 2983 1077 3028 in
1096 2997 1192 3044 rempu-

143 3052 211 3106 v'rrdo
224 3056 414 3123 conliterizpro
423 3059 532 3109 Plancio.
680 3061 769 3110 blicam
795 3063 875 3122 facta,
899 3062 961 3109 alter
981 3061 1054 3110 etiam
1075 3059 1191 3108 effinitete

81 3150 83 3199 Ξ
166 3136 186 3184 3·
200 3137 324 3191 Oialmm
333 3153 436 3185 causam
445 3139 566 3188 tacebant.
577 3142 636 3188 llaec
680 3140 815 3190 devinctus.

81 3220 84 3237 ¹
139 3211 287 3264 ttheetrem
298 3218 385 3281 potine
399 3233 470 3265 crure
484 3219 634 3283 pertinebat,
716 3229 740 3274 a.
763 3222 827 3267 Acta
849 3218 904 3267 itta.
933 3220 981 3277 Ea,
1004 3233 1059 3281 qnae
1076 3217 1191 3282 proximo

137 3306 194 3354 qm
206 3306 248 3344 rut
259 3296 291 3344 erl
300 3297 459 3361 Pompeium,
472 3309 514 3345 ant
523 3297 556 3345 ed
565 3300 635 3347 Crea-
679 3314 744 3346 enno
757 3298 843 3345 consul
856 3308 969 3361 gemeret.

135 3387 194 3424 nm:
207 3377 361 3439 qnumenim
373 3376 527 3427 vehementer
542 3379 635 3426 timeret
716 3378 742 3426 5.
770 3377 923 3440 Principibus
955 3373 1066 3424 ciuitatis.
1092 3376 1193 3427 camis

133 3451 209 3511 (ω,
217 3471 264 3514 no,
273 3470 329 3518 qua
337 3471 404 3503 anno
413 3458 538 3519 superiore
548 3468 636 3506 contre
679 3456 791 3505 inimicos
807 3455 939 3519 intelligit,
952 3457 989 3503 Μ.
1010 3455 1139 3514 Bibulum,
1153 3457 1190 3505 Μ.

130 3534 227 3598 turpida
240 3544 382 3598 peregeret,
396 3551 424 3582 ee
438 3550 514 3584 none
526 3536 635 3585 camuli·
679 3537 810 3592 Catonem,
825 3539 852 3585 L.
866 3536 1012 3585 Domitium.

129 3609 269 3660 lrel’ieone
284 3623 309 3660 et
322 3613 444 3672 Gabinio,
458 3630 561 3677 quorum
575 3617 634 3663 elte-
715 3618 740 3664 6.
775 3615 902 3664 thomum
926 3617 1080 3680 popularem.
1109 3615 1193 3679 Quia,

129 3706 175 3738 nrm
191 3708 318 3750 cocenim,
339 3693 441 3740 alterum
460 3694 510 3741 ruia
525 3694 635 3758 partibor
679 3710 754 3757 quum
771 3711 784 3742 a
800 3694 909 3759 patriciis
921 3695 953 3743 ad
965 3695 1061 3759 plebem
1078 3696 1191 3755 transiit,

127 3769 244 3818 addictum
261 3771 382 3827 babebat,
399 3772 444 3819 ted
459 3788 473 3819 e
489 3774 635 3837 praetoribus
679 3790 789 3837 magnam
800 3791 814 3821 a
827 3775 922 3839 populo
932 3775 1033 3838 gratiam
1042 3774 1107 3822 iniit.

127 3847 318 3900 infirmarentur:
333 3851 460 3901 tribunum
476 3852 513 3914 pl.
534 3855 562 3900 P.
577 3853 635 3902 Clo·
716 3871 740 3913 7.
762 3855 855 3903 Ernem
881 3855 1011 3903 delendum
1036 3864 1105 3918 putet
1127 3855 1195 3902 domi
1287 3849 1290 3855 ’

127 3927 187 3975 dium
205 3931 338 3978 alienaret
355 3947 381 3977 ee
396 3929 495 3979 nolebat
510 3949 516 3982 ι
534 3932 555 3978 ie
570 3931 634 3979 enim
679 3950 748 3981 mea.
762 3936 786 3981 J.
797 3935 830 3981 V.
846 3938 872 3982 L.

126 4009 560 4070 praemribm,demtlen‹tiscaeuris
574 4012 634 4059 actis
715 4015 739 4060 8.
756 4013 797 4061 Ad
807 4030 861 4061 eam
879 4029 928 4062 rena
947 4012 1077 4078 compositi.
1100 4012 1191 4060 Subor-

126 4087 270 4148 rogationem
291 4089 427 4139 ferentibus
439 4122 447 4148 ,
460 4089 498 4137 rel
518 4090 634 4138 intercoe-
679 4093 743 4150 nati,
758 4092 880 4140 eubmieri.
