2656 5258
153 811 200 892 do
442 813 491 879 Μ.
517 811 558 878 Τ.
587 808 885 878 CICERONIS

152 955 228 1002 sam
242 932 308 1003 etsi
321 955 449 1003 omnes
465 930 553 1002 boni
568 930 788 1029 probabant,
805 945 927 1000 tamen
942 953 1064 1025 neque
1079 954 1101 999 s«

150 1039 314 1138 publice,
340 1066 460 1138 neque
486 1040 581 1113 ullus
608 1040 700 1112 ordo
722 1041 870 1138 proprie
881 1047 896 1128 ,¹
918 1064 1039 1136 neque
1065 1066 1101 1111 su

152 1152 258 1222 cretis
289 1151 388 1222 Italia
413 1165 490 1222 tota
521 1165 738 1249 susceperat.
759 1150 814 1222 Ad
848 1174 950 1221 suam
984 1152 1081 1222 enim

149 1259 342 1356 quamdam
362 1260 422 1331 ille
440 1261 611 1357 gloriam,
630 1286 739 1358 quam
758 1260 802 1331 ad
821 1262 1050 1358 perspicuam
1070 1285 1101 1331 sa

149 1361 357 1467 reipublice
373 1385 575 1466 sumpserat
587 1367 615 1456 ⁵,
632 1395 747 1468 quum
764 1394 860 1441 umis
877 1371 915 1439 iu
934 1370 1049 1465 legem
1066 1394 1101 1467 p<

149 1478 258 1550 latam
281 1478 404 1573 jurare
426 1481 615 1552 uoluerat:
636 1481 796 1578 denique
821 1478 1012 1551 videbatur
1033 1504 1101 1551 ear

147 1591 247 1661 tione
269 1604 340 1660 tam
362 1587 465 1663 fortis
481 1589 608 1679 fuisse,
631 1605 673 1661 ut
692 1614 776 1662 cum
793 1591 917 1687 patriae
938 1589 1101 1661 caritate*

147 1701 285 1772 stantiae
304 1700 453 1796 gloriam
474 1700 725 1773 commutaret.
748 1703 832 1770 Erat
855 1714 978 1770 autem
1003 1701 1037 1770 ei
1059 1725 1099 1770 re

148 1811 308 1884 exercitu
331 1799 380 1883 C.
394 1812 496 1883 Marii
516 1812 668 1898 invicto,
686 1809 846 1882 habebat
871 1810 1058 1879 inimicum
1079 1812 1101 1879 C

144 1924 256 2007 rium,
276 1936 564 1993 conservatorem
582 1921 722 2019 patriae,
739 1935 881 1992 sextum
894 1919 967 2015 jam
987 1918 1087 1988 illum

146 2027 304 2100 sulatum
330 2046 535 2128 gerentem
558 2055 614 2102 res
636 2046 713 2102 erat
736 2054 818 2100 cum
838 2036 877 2101 L.
898 2031 1094 2100 Saturnino

143 2163 226 2210 rum
254 2137 402 2211 tribuno
429 2139 561 2237 plebis,
592 2141 763 2238 vigilante
789 2140 957 2225 homine,
977 2152 1021 2239 ⁸ct
1046 2141 1084 2206 in

142 2250 337 2346 populari9
356 2251 471 2321 sinon
482 2250 719 2340 moderate¹⁰,
732 2266 768 2323 at
787 2265 883 2322 certe
903 2249 1101 2347 popularite

144 2363 376 2458 tinenterque
399 2377 549 2461 versato.
580 2366 713 2451 Cessit,
729 2388 775 2434 ne
797 2375 859 2433 aut
877 2363 994 2430 victus
1015 2384 1036 2428 a
1058 2357 1101 2431 soi

142 2473 227 2541 viris
246 2495 329 2542 cum
352 2471 530 2545 dedecore
552 2472 713 2556 caderet,
734 2487 795 2543 aut
817 2473 933 2554 victor
950 2470 1101 2541 multis<

141 2578 240 2652 tibus
257 2582 395 2654 civibus
412 2583 675 2682 rempublicam
694 2582 850 2654 orbaret.

190 2695 299 2763 XVII.
319 2695 437 2764 Meam
457 2718 597 2765 causam
618 2709 762 2766 senatus
778 2692 914 2790 palam,
936 2704 1101 2786 equester

141 2804 331 2889 acerrime,
353 2819 481 2874 cuncta
499 2805 601 2876 Italia
618 2803 785 2901 publice,
805 2826 931 2872 omnes
951 2799 1040 2870 boni
1061 2824 1101 2896 pi

140 2912 317 3007 enixeque
331 2930 573 3011 susceperant.
591 2919 657 2986 Eas
672 2940 730 2985 res
744 2937 943 3011 gesseram,
960 2936 1101 3007 quarun

139 3045 235 3091 unus
262 3036 400 3108 auctor,
429 3025 493 3095 sed
522 3024 596 3095 dux
622 3029 785 3095 omnium
813 3021 1009 3094 voluntatis
1038 3019 1101 3090 fuis

139 3156 293 3229 quaeque
311 3158 387 3204 non
404 3135 514 3206 modo
529 3135 572 3206 ad
588 3136 804 3232 singularem
822 3157 938 3204 meam
956 3131 1101 3227 gloriam

137 3283 216 3322 morte
226 3285 338 3323 moereret
348 3291 354 3324 :
366 3275 419 3324 liter
428 3294 503 3342 quum
515 3280 648 3338 inessent,
692 3295 744 3326 sare
759 3280 824 3325 visus
837 3288 889 3324 est:
904 3274 975 3323 cessit
989 3274 1063 3337 igitur
1076 3277 1101 3322 Μ

136 3351 205 3402 valde
219 3368 257 3401 me
271 3354 399 3414 timidnm,
417 3367 490 3421 atque
505 3357 647 3422 impruden·
692 3374 743 3405 non
754 3356 822 3420 quod
835 3357 860 3403 in
874 3372 904 3403 eo
917 3355 987 3401 sitam
1000 3370 1051 3400 esso
1064 3355 1099 3401 rei

135 3443 183 3480 tem
197 3430 326 3482 confiterer
336 3433 422 3494 fuisse,
434 3437 454 3483 si
467 3435 556 3484 horum
568 3438 648 3485 homi·
692 3438 792 3484 salntem
799 3435 956 3497 intelligeret:
966 3432 1008 3480 sed
1017 3433 1084 3495 quod
1096 3451 1101 3480 t

134 3526 194 3558 num
219 3523 286 3562 metu
314 3512 492 3564 discessissem:
508 3531 552 3563 cur
571 3517 648 3581 igitur
691 3516 835 3563 constantie
860 3514 952 3578 glorie,
977 3529 1049 3576 quum
1075 3514 1101 3560 ιε’

135 3590 217 3638 cessi?
239 3603 367 3640 moverunt
392 3610 431 3641 me
455 3595 513 3654 ills,
538 3611 593 3659 quie
616 3595 647 3645 de
690 3595 792 3660 patries,
805 3593 859 3641 fuit.

133 3670 270 3733 Pompeio,
295 3673 397 3732 Crasso,
423 3675 516 3723 Caesare
542 3675 646 3724 Clodius
727 3691 751 3734 7.
765 3676 863 3721 Sextum
871 3672 928 3736 jam
945 3669 1011 3718 illum
1029 3687 1101 3718 consu

133 3748 296 3811 predicebat:
307 3768 362 3816 qus·
370 3753 406 3800 illi
419 3754 522 3803 tacendo
532 3751 644 3803 confiteri
689 3753 811 3817 oppressis
830 3752 931 3801 Glsucia
947 3761 970 3797 et
988 3753 1101 3799 saturnin

133 3826 286 3877 videbantur.
689 3846 769 3895 gnem.

168 3906 193 3953 5.
206 3906 354 3970 Sumpserat.
370 3910 437 3972 Quid
450 3911 564 3959 Metellus
577 3929 644 3960 sum·
725 3911 751 3958 8.
784 3908 925 3957 Saturnino.
956 3907 1050 3955 Metelli
1080 3908 1101 3955 it

132 3984 208 4046 psen't
224 4001 275 4033 non
295 3984 384 4050 liquet,
404 4005 483 4052 neque
501 3993 556 4053 quis
574 3992 643 4040 facile
689 3989 756 4053 quod
769 3989 800 4036 sb
813 4005 842 4036 eo
855 4003 955 4036 censore
968 3998 1066 4034 notatus
1079 4003 1101 4034 ei

130 4065 271 4124 conjecerit.
281 4067 430 4130 Recipienda
441 4068 537 4116 videtur
546 4070 642 4118 Aldine
723 4085 747 4132 9.
766 4070 796 4117 In
812 4085 886 4116 causa
897 4065 1019 4132 populari.
1040 4067 1101 4129 Quis

130 4153 155 4192 et
166 4143 265 4191 alierum
281 4146 412 4194 multarum
427 4147 484 4195 edd.
502 4147 577 4196 lectio
590 4165 642 4213 spe·
686 4149 802 4211 agrariam
815 4148 914 4194 serebat.

129 4233 220 4272 etatae.
237 4225 350 4286 Conjecit
359 4224 593 4291 Ernestinssecerat.
725 4241 763 4275 ro.
775 4227 801 4274 Si
812 4243 861 4274 uon
873 4225 1006 4273 moderate.
1019 4224 1094 4288 Quod

163 4302 188 4351 o.
205 4305 236 4350 Ut
253 4320 307 4351 cum
323 4304 539 4368 patrioecaritate.
558 4309 640 4371 Quum
685 4308 775 4367 mium,
798 4310 947 4357 tribunatum
967 4316 1101 4371 petentem,

127 4382 245 4446 adspectu
255 4385 473 4446 patriarcarissimo
487 4387 640 4450 seprivuvit,
684 4387 841 4445 Memmium,
864 4386 1005 4436 consulatus
1023 4386 1101 4434 candit

126 4462 268 4510 constantie
285 4463 380 4511 leudem
400 4465 526 4527 quesivit,
545 4468 639 4528 patriae·
685 4467 791 4514 Glaucia:
828 4469 1013 4531 competitorem
1048 4467 1101 4512 occi

125 4556 173 4604 que
181 4541 333 4590 amissionem
343 4543 426 4608 gloriae
435 4545 516 4592 fructu
526 4562 639 4610 compen·
684 4559 818 4596 curaverit.
