2656 5258
127 643 174 727 aa
433 644 495 744 u.
522 643 561 711 r.
588 640 878 713 clcunorus

89 804 92 809 ·
129 788 207 835 esse
233 762 430 836 dixerunt:
455 778 567 861 atque
589 762 684 834 hanc
703 764 737 833 ei
754 764 998 860 suspicionem
1012 763 1072 835 alii
1087 765 1198 838 literis

128 872 334 959 mittendis,
363 871 423 945 alii
441 875 597 962 nuntiis,
619 873 678 944 alii
698 897 820 944 coram
838 875 908 971 ipsi
927 876 1198 962 excitaverunt,

127 997 170 1054 ut
189 982 266 1070 itte,
288 1008 404 1080 quum
426 1008 448 1054 a
471 1008 529 1054 me
552 998 650 1054 certe
671 981 764 1053 nihil
786 986 946 1072 timeret,
968 984 1015 1057 ab
1038 985 1127 1074 iilis,
1153 1012 1200 1058 ne

126 1092 216 1190 quid
232 1115 314 1163 meo
335 1093 756 1178 nominettmolirentun
780 1090 849 1162 sibi
873 1091 1072 1163 cavendum
1096 1107 1202 1190 puta·

127 1216 193 1274 ret.
213 1206 295 1300 Ipse
312 1217 433 1274 autem
452 1208 578 1291 Caesar,
600 1227 711 1299 quem
731 1202 886 1273 maxime
904 1202 1071 1274 homiues
1086 1206 1200 1301 ignari

126 1313 286 1384 veritatis
304 1312 393 1383 mihi
409 1337 486 1385 esse
501 1314 633 1385 iratum
649 1311 846 1413 putabant,
863 1326 940 1383 erat
957 1312 1002 1382 ad
1013 1322 1046 1356 ¹⁰
1060 1328 1198 1410 portas,

129 1441 206 1499 erat
218 1450 302 1499 cum
320 1427 493 1526 imperi03
510 1429 640 1498 eratin
657 1426 758 1497 ltalia
776 1425 855 1521 ejus
871 1429 1067 1512 exercitus,
1086 1428 1201 1524 inque

128 1557 172 1607 eo
196 1535 356 1606 exercitu
380 1537 495 1635 ipsius
523 1534 662 1608 tribuni
688 1533 829 1634 plebis,
857 1536 993 1608 inimici
1014 1539 1107 1625 mei,
1130 1537 1199 1609 fra·

128 1659 221 1716 trem
231 1654 261 1690 ¹¹
279 1643 499 1742 prefecerat.
1040 1663 1042 1666 ’

175 1759 270 1828 XIX.
290 1758 372 1828 Haeo
393 1780 461 1854 ego
483 1779 599 1854 quum
624 1753 785 1827 riderem
808 1755 1071 1853 (nequeenim
1095 1773 1200 1830 erant

128 1863 311 1959 occulta),
332 1880 518 1954 senatum,
535 1867 612 1937 sine
627 1890 703 1962 quo
718 1866 840 1937 civitas
857 1880 950 1937 stare
965 1890 1041 1937 non
1056 1883 1199 1965 posset,

128 1975 280 2046 omnino
298 1975 344 2047 de
361 1977 503 2047 civitate
524 1999 600 2047 esse
621 1974 821 2064 sublatum3
840 1975 1027 2064 consules,
1045 1979 1108 2075 qui
1128 2003 1199 2076 pu-

127 2083 213 2157 blici
229 2084 368 2157 consilii
389 2085 498 2158 duces
520 2110 597 2158 esse
619 2085 814 2170 deberent,
837 2083 1048 2183 perfecisse,
1069 2102 1111 2158 ut
1134 2113 1201 2186 per

130 2197 228 2293 ipsos
255 2196 444 2294 publicum
474 2197 664 2268 consilium
696 2193 860 2266 funditus
885 2194 1090 2284 tolleretur;
1117 2222 1201 2285 eos,

130 2309 196 2401 qui
206 2304 401 2403 plurimum
413 2317 593 2405 possent¹,
602 2307 743 2404 opponi
756 2302 927 2376 omnibus
942 2305 1202 2393 concionibus,

130 2411 240 2505 falso,
262 2415 324 2487 sed
347 2415 579 2488 formidolose
596 2431 738 2501 tamen,
756 2429 920 2486 auctores
938 2414 982 2485 ad
1000 2418 1201 2513 perniciem

132 2549 270 2613 meam3
292 2529 484 2599 conciones
502 2525 629 2597 haberi
650 2525 813 2622 quotidie
832 2539 956 2595 contra
975 2549 1051 2611 me;
1071 2550 1202 2598 vocem

131 2659 199 2732 pro
218 2658 300 2722 me,
322 2659 363 2707 ac
380 2660 447 2733 pro
466 2636 653 2733 republica
674 2637 857 2706 neminem
879 2636 1040 2721 mittere;
1061 2639 1205 2709 intenta

132 2745 231 2840 signa
249 2742 454 2841 legionum²
473 2747 666 2822 existimari
679 2743 878 2816 cervicibus
889 2769 930 2815 ac
940 2745 1048 2816 bonis
1062 2750 1206 2832 vestris,

132 2850 233 2941 salso,
244 2855 307 2927 sed
323 2857 444 2953 putari
460 2871 600 2938 tamem
616 2855 888 2950 conjuratorum
906 2858 1026 2950 copias
1037 2870 1205 2943 ueteres,

133 2978 171 3035 et
186 2961 319 3036 fusam³
336 2965 432 3036 iliam
454 2963 516 3063 [ac
535 2963 760 3063 superatam]
780 2964 938 3034 Catilinae
960 2988 1107 3033 manum
1134 2966 1207 3036 im-

134 3089 351 3172 portunam,
381 3101 477 3147 novo
508 3076 622 3162 duce,
648 3090 684 3146 et
711 3077 891 3172 insperata
916 3078 1206 3149 commutatione

130 3207 254 3255 rerum
285 3209 362 3257 esse
389 3200 625 3257 renovatam:
657 3185 733 3256 haec
762 3209 876 3281 quum
909 3182 1089 3271 viderem,
1111 3187 1209 3283 quid

132 3318 295 3391 agerem,
310 3295 472 3391 judices?
498 3298 572 3368 scio
594 3301 712 3381 enim,
739 3310 814 3366 tum
834 3285 909 3365 non
933 3290 1022 3365 mihi
1040 3311 1208 3367 vestrum

132 3404 309 3491 studium,
331 3405 394 3478 sed
411 3430 534 3477 meum
556 3430 672 3504 prope
690 3421 811 3477 vestro
830 3404 986 3478 defuisse
996 3409 1023 3476 ⁴.
1047 3411 1210 3480 Conten-

170 3667 195 3713 9.
215 3652 272 3698 Meo
292 3650 397 3700 nomme.
418 3653 517 3701 Veritus
539 3663 593 3711 eet,
615 3669 646 3700 ne
729 3664 768 3700 rr.
791 3652 909 3701 Fratrem.
930 3653 978 3716 Ap.
994 3652 1213 3719 Pulchrum-qui

133 3728 170 3778 illi
181 3729 243 3794 ipsi,
255 3745 269 3776 e
282 3728 372 3792 quibus
385 3731 539 3794 monebatur,
553 3730 648 3794 aliquid
690 3730 783 3794 legatus
792 3730 839 3778 fuit
849 3733 875 3778 in
885 3730 995 3779 exercitu
1004 3730 1115 3780 Curris.

133 3809 160 3856 in
174 3808 254 3872 iprum
268 3808 424 3869 molirentnr3
442 3810 508 3874 quod
527 3811 580 3858 fore
593 3827 648 3875 epe·
728 3806 801 3857 m.
820 3826 843 3858 r.
863 3813 930 3869 Eos,
949 3810 993 3874 qui
1005 3810 1137 3871 plurimum
1151 3830 1213 3878 poe-

134 3896 264 3944 ntent‚nt
273 3886 384 3936 homines
393 3888 419 3936 id
429 3905 443 3935 a
455 3890 572 3938 Cicerone
583 3906 650 3938 eom·
692 3900 753 3936 sene.
768 3891 827 3937 Tres
839 3889 910 3950 illoe,
924 3904 987 3953 quoe
997 3890 1110 3953 proxime
1127 3894 1213 3941 norni-

133 3964 233 4014 murum
252 3965 432 4028 existimarent,
452 3983 530 4031 equo
549 3968 649 4019 insidias
694 3969 769 4017 navit.

133 4044 186 4106 ejus
194 4044 251 4093 vitre
262 4046 353 4108 poeitae
368 4046 539 4109 predixerant.
728 4063 753 4095 a.
770 4048 909 4114 Legionem.
921 4048 1030 4098 Cereris.

172 4125 426 4189 rolratadportas.
437 4125 569 4174 Nonenim
578 4126 647 4191 prius
728 4127 753 4174 ³.
766 4125 894 4192 Etfiuam
906 4126 984 4177 illam.
1003 4127 1043 4175 ΔΙ.
1065 4139 1090 4175 ee
1101 4127 1214 4193 offusam

133 4201 164 4249 ed
178 4201 268 4250 beilum
282 4203 406 4266 profectus
420 4214 456 4251 est
472 4204 559 4263 cerer,
573 4221 647 4268 quam
694 4205 771 4253 iiiam.
786 4207 811 4254 J.
822 4206 854 4253 V.
869 4208 896 4254 L.

133 4280 646 4348 (iceronemClodiueltniiaexpuiit,quod
728 4294 754 4340 t.
782 4287 862 4333 Meum
884 4301 960 4349 prope
986 4295 1070 4334 uestro
1093 4287 1214 4351 defecisse.

135 4357 289 4409 artuumho
303 4361 420 4425 scripturn
433 4372 477 4410 est.
693 4364 768 4425 Quod
791 4365 838 4424 iis,
863 4379 907 4429 pro
927 4364 1003 4426 ipsius
1026 4366 1102 4414 salute
1127 4377 1213 4415 contra
