2662 4778
273 402 467 471 ORATIO
492 402 593 469 PRO
618 403 655 469 P.
682 402 886 472 SEXTIO.
1066 401 1112 476 35

65 525 118 602 alte
142 525 292 622 repetita
324 521 428 610 velit,
462 537 525 594 aut
556 521 645 619 quid
675 521 720 592 ad
750 524 787 593 P.
816 524 928 595 Sextii
956 548 1118 616 causam,

64 661 196 724 conam,
228 638 402 733 quiante
432 633 541 727 hujus
573 631 825 703 tribunatum⁷
857 616 1118 730 rempublicam

63 762 238 831 vexarunt,
255 745 387 816 delicta
410 746 626 843 pertineant.
647 742 737 813 Mihi
756 758 877 814 autem
896 744 967 815 hoc
986 771 1118 844 propo·

60 860 153 928 situm
176 871 232 928 est
257 854 466 941 ostendere,
488 855 612 923 omnia
635 853 784 923 consilia
806 856 842 922 P.
868 857 995 943 Sextii,
1015 882 1120 927 men·

59 981 193 1063 temque
212 967 328 1036 totius
349 963 556 1034 tribunatus
578 962 672 1033 hanc
692 961 823 1050 fuisse,
854 978 894 1033 ut
919 963 1057 1037 asllictae
1082 982 1119 1037 et

58 1076 194 1173 perditae
209 1073 436 1173 reipublicae,
455 1086 635 1169 quantum
652 1087 787 1170 posset,
806 1073 1024 1146 mederetur.
1047 1078 1118 1164 Ac,

59 1187 140 1256 siin
167 1183 393 1283 exponendis
417 1181 631 1253 vulneribus
658 1181 729 1251 illis
753 1180 799 1251 de
826 1206 883 1252 me
912 1185 993 1281 ipso
1017 1186 1121 1283 plura

60 1296 168 1368 dicere
187 1295 359 1381 videbor,
387 1295 572 1390 ignoscite.
605 1296 697 1363 Nam
722 1304 760 1361 et
785 1291 882 1361 illam
910 1317 1025 1364 meam
1053 1297 1122 1367 cla·
1184 1283 1190 1294 ’

62 1402 160 1477 dem⁸
183 1430 248 1476 vos
269 1420 307 1475 et
326 1425 454 1475 omnes
480 1402 570 1473 boni
595 1403 793 1471 maximum
817 1426 893 1472 esse
914 1404 1123 1500 reipublicae

63 1516 179 1586 vulnus
191 1514 396 1610 judicastis;
411 1528 448 1584 et
464 1517 499 1582 P.
518 1516 659 1583 Sextius
676 1525 730 1583 est
747 1536 847 1597 reus,
863 1537 938 1583 non
954 1538 1041 1602 suo,
1060 1515 1123 1587 sed
1215 1552 1219 1560 ·

66 1649 133 1696 neo
151 1626 347 1696 nomines:
368 1627 432 1721 qui
451 1644 566 1719 quum
585 1645 734 1693 omnem
753 1624 824 1690 vim
842 1625 897 1692 sui
917 1622 1124 1697 tribunatus

67 1735 95 1803 in
108 1758 185 1804 mea
205 1733 319 1804 salute
341 1736 631 1830 consumpserit,
652 1755 798 1802 necesse
816 1747 890 1821 est,
908 1758 1025 1805 meam
1043 1760 1124 1807 cau·

10 1914 12 1921 ,
69 1867 126 1914 am
156 1846 326 1942 praeteriti
356 1844 528 1940 temporis
555 1866 639 1912 cum
671 1840 781 1934 hujus
807 1846 973 1938 praesenti
1001 1844 1123 1917 defen·

71 1954 153 2025 sione
169 1978 249 2024 esse
268 1954 515 2048 conjunctam.

106 2068 194 2135 xlv.
215 2068 299 2134 Erat
312 2066 422 2160 igitur
436 2065 475 2131 in
489 2063 589 2131 luctu
607 2074 766 2147 senatus3
786 2060 976 2158 squalebat
989 2067 1124 2154 civitas,
1216 2084 1218 2091 '

72 2173 201 2267 publico
216 2175 370 2246 consilio
388 2185 526 2242 mutata
539 2185 656 2256 veste3
671 2169 812 2240 nullum
828 2185 904 2240 erat
921 2172 1030 2242 Italiae
1047 2198 1124 2244 mu·

72 2287 251 2383 nicipium,
285 2284 385 2354 nulla
419 2284 588 2365 colonia,
620 2282 719 2352 nulla
753 2279 992 2378 praefectura,
1027 2284 1125 2357 nulla

71 2395 175 2465 Romae
200 2398 353 2466 societas
375 2393 601 2492 vectigalium
614 2404 637 2480 ¹,
656 2393 798 2462 nullum
816 2393 1043 2490 collegium2,
1062 2410 1125 2468 aut

69 2507 267 2592 concilium,
287 2517 349 2576 aut
367 2506 519 2575 omnino
539 2500 687 2598 aliquod
702 2524 897 2572 commune
919 2504 1124 2587 consilium,

10 2620 11 2625 ’
66 2614 153 2711 quod
173 2628 254 2686 tum
274 2638 351 2687 non
372 2612 736 2687 honorificentissime
753 2611 969 2684 de'crevlsset
983 2613 1029 2685 de
1045 2640 1123 2687 mea

64 2724 193 2796 salute:
220 2748 336 2821 quum
363 2722 485 2794 subito
513 2722 662 2794 edicunt
691 2722 765 2791 duo
798 2721 985 2809 consules,
1013 2741 1056 2797 ut
1079 2724 1124 2797 ad

62 2857 162 2904 suum
198 2837 368 2904 vestitum
401 2846 584 2904 senatores
619 2831 791 2902 redirent.
827 2834 918 2923 Quis
951 2860 1124 2932 umquam

59 2943 183 3015 consul
199 2958 365 3014 senatum
381 2945 493 3041 ipsius
507 2942 661 3013 decretis
675 2966 801 3040 parere
817 2939 1026 3038 prohibuit?
1045 2949 1127 3043 quis

16 3058 26 3067 '
58 3068 230 3149 tyrannus
249 3056 400 3125 miseros
421 3055 545 3151 lugere
567 3054 708 3124 vetuit?
729 3057 907 3122 Parumne
931 3068 1004 3138 est,
1025 3058 1125 3144 Piso,

92 3276 118 3319 7.
144 3259 210 3305 Ante
232 3256 304 3320 hujus
326 3257 482 3304 tribunatum.
505 3255 568 3317 Quia
648 3257 718 3303 ΧΠ.
736 3271 758 3301 1.
778 3255 883 3301 Societas
896 3255 1062 3320 vectigaliton.
1082 3260 1127 3307 So·

55 3336 176 3384 Gabinius
196 3351 263 3384 enno
286 3348 361 3393 ente,
380 3353 452 3401 qnam
473 3336 569 3382 Sextius
613 3337 712 3382 cietates
721 3349 818 3391 eorum,
830 3335 873 3396 qni
885 3334 1012 3398 vectigalia
1024 3337 1127 3385 redime-

57 3417 168 3465 tribunos
181 3416 216 3480 pl.
230 3416 289 3476 luit,
302 3416 456 3464 consulatum
469 3415 551 3476 gessit.
613 3413 685 3474 bant,
699 3413 807 3475 equitnm
821 3428 883 3459 rom.
893 3426 978 3462 omnes
991 3426 1067 3463 erant.

92 3497 118 3544 8.
139 3494 211 3544 Illam
228 3510 308 3541 meam
330 3493 433 3541 cladem.
453 3493 569 3554 Injuriam
650 3492 786 3540 adullam
794 3492 931 3556 collegium.
939 3496 1126 3544 Desocletatum

57 3575 206 3639 iniquissima
215 3572 298 3621 Clodii
307 3572 359 3637 lege
368 3572 469 3621 illatam.
613 3571 699 3619 harum
708 3586 795 3633 genem
805 3570 861 3619 vide
868 3588 916 3636 pro
926 3574 999 3619 Dom.
1012 3588 1067 3637 cap.
1078 3577 1125 3633 all,

92 3670 118 3714 9.
131 3654 189 3700 Non
203 3666 266 3706 suo,
280 3650 325 3698 sed
336 3649 570 3700 memorabamus
613 3651 640 3697 in
656 3665 706 3714 quo
724 3649 829 3713 legitur:
848 3673 860 3693 ι
869 3652 971 3700 Nullum
984 3663 1020 3699 eet
1040 3655 1066 3699 in
1082 3653 1129 3701 bec

58 3731 127 3796 quod
146 3732 197 3795 ipse
216 3729 361 3793 deliquerit,
383 3729 428 3778 sed
446 3726 515 3792 quod
532 3743 571 3775 me
615 3728 675 3775 urbe
685 3728 830 3793 collegium,
844 3731 906 3777 nulli
914 3731 1129 3795 paganiautmon·

57 3811 143 3874 inique
160 3808 258 3873 pulsnm
274 3809 416 3857 restituerit.
435 3811 571 3857 Accusatur
615 3809 666 3854 teui
682 3805 814 3871 (quoniam
828 3809 895 3873 plebi
914 3826 1013 3873 quoque
1029 3811 1129 3859 nrbenae

57 3890 124 3937 enim
134 3906 150 3938 e
162 3887 224 3936 meis
236 3888 357 3950 inimicis,
372 3902 423 3935 non
438 3886 506 3950 quod
519 3887 571 3950 ipse
616 3887 719 3946 majores
734 3888 811 3935 nostri
830 3888 1001 3937 conventicula
1020 3898 1045 3937 et
1061 3894 1130 3953 quasi

57 3979 144 4017 eontra
157 3967 224 4032 legen
237 3966 330 4031 aliquid
346 3965 509 4022 commiserit,
528 3965 571 4012 sed
616 3965 720 4013 eoncilia
744 3982 795 4013 esee
823 3966 985 4031 voluerunt),
1008 3969 1051 4031 qui
1078 3985 1128 4018 non

57 4047 128 4111 quod
143 4048 170 4094 in
187 4046 312 4095 tribunatu
329 4046 360 4093 de
373 4062 425 4093 mee
442 4045 519 4093 utute
536 4044 571 4091 la·
617 4043 763 4107 amplissime
777 4060 828 4092 non
842 4046 917 4095 modo
929 4046 960 4093 ‹le
972 4048 1050 4095 salute
1063 4064 1132 4107 mee,

57 4125 161 4174 bonor.
619 4120 661 4168 sed
675 4123 747 4170 etiem
760 4123 791 4171 de
805 4123 921 4187 dignitate
931 4118 1081 4174 dotaverint
1091 4149 1114 4174 ι.

952 4207 983 4279 3.
