2656 5258
245 380 248 385 ’
334 379 534 450 ORATIO
559 382 660 452 PRO
687 385 723 451 P.
750 385 955 452 SEXTIO.
1128 408 1172 481 27

137 497 351 586 temulentus,
368 497 432 570 sed
451 524 497 571 ue
515 500 633 571 lucem
655 500 805 599 quidem
825 503 1030 574 insolitam²
1052 502 1173 603 adspi-

134 631 193 679 cere
211 609 356 707 posset?
375 608 474 680 Alter
492 611 626 681 multos
647 612 754 709 plane
774 615 814 684 in
831 638 958 684 omnes
981 629 1100 711 partes
1118 613 1173 687 fe·

131 715 208 788 lellit.
224 722 313 789 Erat
330 719 429 790 enim
449 718 638 791 bominum
661 724 826 820 opinioni
848 720 1063 795 nobilitate³
1084 726 1173 822 ipsa,

130 825 239 898 blanda
266 827 565 917 conciliatricula,
599 830 882 903 commendatus.
914 836 1052 904 Omnes
1083 832 1174 903 boni

128 960 250 1036 semper
277 936 458 1009 nobilitati
487 936 671 1030 lavemus,
700 956 736 1013 et
759 943 844 1038 quia
866 942 954 1013 utile
976 955 1031 1013 est
1051 943 1174 1039 reipu-

127 1046 226 1135 llice,
247 1046 391 1121 nobiles
411 1049 577 1122 homiues
605 1074 683 1122 esse
706 1050 836 1148 dignos
860 1051 1058 1148 majoribus
1080 1054 1173 1141 suis,

128 1161 249 1257 etquis
264 1160 362 1231 valet
379 1161 477 1258 apud
494 1184 579 1249 nos,
604 1162 784 1233 clarorum
805 1162 997 1234 hominum
1020 1177 1057 1235 et
1076 1162 1174 1234 bene

127 1267 161 1340 de
173 1268 358 1368 republica
372 1272 584 1342 meritorum
600 1276 795 1361 memoria,
812 1274 918 1343 etiam
931 1287 1172 1344 mortuorum.

127 1381 206 1471 Quia
227 1382 369 1452 tristem
385 1405 537 1480 semper,
557 1385 642 1479 quia
659 1386 899 1468 taciturnum,
917 1385 1001 1479 quia
1019 1381 1174 1453 subhor-

81 1506 83 1513 ·
125 1487 230 1559 aidum
257 1503 369 1587 atque
400 1491 579 1562 incultum
607 1490 803 1579 videbant,
833 1505 870 1562 et
901 1491 1001 1587 quod
1028 1506 1105 1562 erat
1131 1516 1176 1563 eo

126 1600 281 1687 nomine,
303 1613 346 1670 ut
361 1603 569 1697 ingenerata
593 1601 733 1674 familiae
752 1600 961 1699 frugalitas⁴
982 1601 1175 1688 videretur,

126 1705 301 1797 latebant,
331 1711 556 1806 gaudebant,
588 1728 624 1784 et
655 1712 701 1784 ad
729 1715 969 1809 iutegritatem
998 1710 1177 1806 majorum

126 1843 181 1917 spe
202 1844 267 1891 sua
285 1820 469 1893 hominem
487 1822 685 1913 vocabant,
705 1824 857 1894 materni
875 1817 1038 1920 generis⁵
1062 1817 1174 1919 obliti.

125 1932 192 2027 Ego
210 1945 330 2002 antem
350 1931 462 2028 (vere
481 1932 552 2004 hcc
570 1932 705 2021 dicam,
730 1933 914 2030 judices),
935 1943 1077 2002 tantum
1099 1952 1176 2001 esse

125 2040 160 2110 iu
180 2040 325 2112 bomine
351 2042 512 2130 sceleris,
540 2044 714 2131 audaciae,
737 2042 975 2129 crudelitatis,
997 2054 1175 2138 quantum

127 2149 194 2247 ipse
210 2174 291 2221 cum
308 2150 494 2250 republica
509 2155 619 2239 sensi,
640 2179 839 2251 numquam
858 2153 991 2250 putavi.

166 2266 208 2331 X.
227 2264 394 2358 Nequam
417 2287 494 2334 esse
513 2264 718 2353 hominem,
739 2280 774 2336 et
792 2263 928 2348 levem,
947 2276 983 2333 et
1000 2259 1087 2331 salsa
1103 2263 1179 2357 opi-

127 2371 244 2459 niune,
267 2395 395 2444 errore·
413 2373 605 2445 hominum
622 2374 668 2446 ab
689 2373 928 2445 adolescentia
947 2367 1177 2442 commenda-

127 2492 215 2567 tum,
247 2482 415 2553 sciebam.
448 2487 589 2555 Etenim
624 2489 764 2556 animus
796 2483 872 2578 ejus
895 2481 1019 2565 vultu,
1046 2476 1178 2575 flagitia

128 2590 311 2687 parietibus
332 2591 570 2688 tegebantur:
597 2594 661 2665 sed
682 2593 758 2664 haec
784 2591 982 2662 obstructio
1004 2610 1072 2658 nec
1096 2586 1176 2656 diu-

129 2714 224 2772 mma
238 2716 313 2785 est,
328 2726 397 2773 nec
411 2702 568 2774 obducta
583 2705 653 2789 ita,
667 2717 708 2774 ut
724 2704 874 2774 curiosis
892 2699 1005 2770 oculis
1024 2696 1179 2795 perspici

129 2833 194 2881 uon
216 2813 341 2910 possit.
365 2811 586 2884 Videbamus
608 2837 722 2911 genus
743 2813 841 2899 vitae,
859 2808 1064 2894 desidiam¹,
1080 2808 1179 2875 iner-

158 3002 180 3034 a.
200 2987 336 3036 Insubrum.
360 2989 422 3050 Quia
444 2988 576 3036 lustrorum
597 3003 625 3035 ac
706 2987 731 3036 5.
754 2986 864 3034 Materni
873 2984 967 3050 genem
984 2982 1059 3031 obliti.
1081 2985 1109 3031 L.
1123 2981 1180 3029 Piso

129 3074 253 3130 aptorum
267 3065 294 3112 iu
307 3064 414 3114 tenebris
426 3066 467 3113 diu
481 3066 591 3114 latuerat.
668 3077 769 3114 matrem
788 3065 874 3112 babuit
901 3079 953 3111 uon
977 3077 1116 3121 romanam,
1136 3060 1180 3107 aed

157 3149 178 3194 3.
190 3147 322 3195 Nobilitate
334 3145 398 3210 ipsa.
411 3146 470 3193 Nou
484 3145 553 3210 quod
566 3156 627 3194 asset
669 3147 767 3193 bomine
785 3144 849 3207 gallo
867 3153 965 3189 natam:
983 3142 1025 3203 qui
1039 3155 1113 3202 quum
1128 3138 1181 3186 Pla-

127 3226 231 3290 patriciua
249 3226 324 3284 Piso,
349 3224 392 3272 sed
418 3226 475 3288 quia
495 3225 627 3284 majoribus
670 3225 755 3273 centias
768 3221 929 3277 consedisset,
949 3220 975 3265 in
988 3235 1040 3265 eam
1057 3220 1180 3266 civitatem

127 3314 184 3350 catus
204 3304 366 3352 clarissimis:
387 3320 443 3350 nam
464 3303 627 3352 nobilissimos
670 3304 791 3358 adscitus,
819 3310 902 3366 postea
929 3301 1032 3346 Romam
1053 3298 1134 3355 venit,
1156 3310 1182 3347 et

127 3381 225 3431 bamiuea
238 3383 312 3431 οιὶιω
323 3398 379 3442 eoa,
393 3384 434 3445 qui
445 3381 546 3446 plebeiis
556 3383 626 3430 lami·
670 3383 754 3432 Pisoni
770 3382 913 3435 Cascuinc,
931 3379 982 3438 ejus
999 3377 1093 3424 Pisonis
1112 3375 1179 3434 lilio,

126 3460 158 3508 liis
176 3463 227 3511 uati
240 3472 324 3520 eraut,
339 3460 473 3526 appellatos
488 3478 539 3509 esse
552 3463 627 3508 auim-
670 3476 742 3524 quem
758 3460 789 3507 ab
805 3458 922 3505 Helvetiis
936 3456 1088 3503 interfectum
1102 3456 1182 3505 Caesar

127 3541 217 3592 diens
671 3539 766 3596 scribit,
778 3537 852 3587 filiam
866 3536 1004 3584 collocarit.

156 3629 177 3678 t.
190 3620 344 3687 frugalitas.
358 3619 398 3668 Ob
408 3630 627 3682 sogucmm1suut
705 3622 740 3667 X.
767 3634 788 3664 1.
812 3615 945 3678 Desidiam,
970 3612 1095 3660 inertiam.
1123 3614 1181 3662 Plus

127 3703 272 3765 tateml'mgi
286 3700 411 3760 homines,
424 3699 490 3746 utin
503 3714 528 3745 re
541 3697 626 3746 dome·
669 3697 755 3745 inertia
781 3695 968 3759 vituperationis
992 3693 1082 3748 babet,
1108 3709 1181 3756 quam

127 3781 234 3839 atica,aic
247 3783 274 3829 iu
287 3778 414 3845 republica
423 3777 589 3839 continentes,
603 3787 627 3826 et
670 3777 784 3824 desidia:
805 3774 911 3822 desidem
932 3774 996 3821 euim
1014 3773 1180 3835 appellamus,

128 3862 259 3925 imperati,
285 3860 394 3923 ideoque
424 3867 512 3921 prutes
536 3868 628 3904 ceteros
672 3858 714 3920 qni
743 3855 804 3903 nihil
826 3864 895 3919 agat,
921 3854 990 3918 quasi
1011 3851 1181 3904 dissidentem:
1281 3895 1284 3901 .

126 3939 184 3998 justi.
205 3942 262 3989 Piso
276 3940 365 4003 igitur,
384 3938 428 3999 qni
443 3935 564 4000 publicam
577 3952 628 3984 ram
672 3936 774 3982 inertem
784 3945 879 3993 autem,
891 3936 933 3996 qui
944 3934 1013 3980 etiam
1024 3934 1110 3997 agendi
1120 3945 1182 3997 arte,

129 4021 220 4080 pessime
240 4019 349 4078 curavit,
376 4015 529 4079 degenerasse
548 4034 561 4064 a
584 4032 628 4064 suo
672 4029 723 4061 non
738 4013 811 4060 modo
825 4012 964 4072 voluntate,
978 4021 1073 4060 careat:
1086 4029 1145 4077 ergo
1157 4017 1183 4063 iu

130 4098 261 4161 momine
272 4099 382 4146 videtur.
674 4092 764 4141 desidia
774 4092 902 4155 voluutas,
915 4093 1036 4140 ininsula
1048 4093 1118 4141 simul
1128 4110 1183 4142 eum
