2656 5258
425 343 815 421 incrusurum.
1130 374 1151 448 t

125 468 243 527 atem
263 479 298 525 nt
314 469 457 526 Catonem
477 488 496 527 a
515 470 665 549 republica
681 481 861 541 removeret,
878 488 943 548 cap.
957 469 1062 548 ιὸ-ιῃ.
1081 476 1152 531 liae

126 566 222 623 omnia
235 563 374 622 consules
388 562 533 641 adjuvisse
550 568 700 645 queritur,
720 586 785 644 cap.
801 567 848 624 to.

164 666 227 720 Jun
245 659 285 718 de
300 659 398 718 redito
412 679 467 718 suc
483 661 555 740 quid
567 677 677 742 gestum
692 663 729 722 sit
744 674 878 734 enarrat,
896 662 1027 742 Pompeii
1039 664 1152 734 uudia,

130 771 242 817 senntns
268 757 421 816 decretum
438 757 500 836 jam
521 778 588 819 ann.
606 760 680 822 Urb.
697 762 771 839 695,
789 759 902 820 kalend.
919 758 983 835 jun.
1006 761 1150 820 referente

128 861 160 916 L.
171 855 284 915 Ninnio
303 853 373 914 trib.
390 855 432 933 pl.
449 856 576 931 iactum,
598 858 860 937 promulgationem
880 869 948 916 octo
966 855 1150 917 tribunorum

130 952 345 1030 designatorum
368 953 505 1031 exponit3
522 953 627 1014 deinde
643 955 716 1034 quid
729 974 808 1014 anno
824 966 962 1033 sequente
982 966 1079 1014 netum
1096 955 1149 1025 sit,

130 1050 158 1107 in
171 1049 275 1128 primis
288 1048 328 1108 de
343 1049 436 1109 Sentii
462 1062 491 1108 et
510 1051 630 1110 Milonis
651 1050 886 1111 contentionibus
904 1063 935 1110 et
956 1051 1093 1128 periculis
1109 1050 1149 1109 ob

131 1146 276 1206 Ciceronis
285 1159 319 1206 et
333 1145 503 1226 retpuhtieae
515 1150 635 1208 salutem
649 1149 788 1229 susceptis
800 1161 916 1219 narret,
930 1167 994 1227 erp.
1005 1149 1111 1216 δι-Μ.

163 1245 200 1302 Et
209 1242 281 1320 qnia
290 1242 324 1300 in
333 1241 515 1302 accusatione
527 1242 727 1304 Albinovanus
738 1245 923 1322 quaesiverat,
933 1263 1065 1323 quonam
1075 1256 1150 1304 meet

131 1337 177 1396 illa
189 1338 273 1396 natio
290 1336 477 1416 optimatum,
496 1337 565 1399 bnic
586 1340 741 1418 questioni
760 1339 803 1400 sic
822 1339 998 1419 respondet,
1014 1354 1046 1400 ut
1057 1340 1150 1410 dicat,

130 1434 285 1513 populures
297 1432 414 1506 vocari,
426 1435 478 1513 qni
490 1453 557 1513 qun
569 1436 690 1506 iaciant,
704 1452 828 1514 quaque
844 1433 958 1505 dicent,
972 1434 1148 1496 multitudini

128 1529 253 1607 jocunde
266 1547 331 1590 ense
343 1530 455 1590 velintt
470 1531 521 1608 qni
541 1544 638 1591 numm
658 1532 700 1592 its
719 1550 751 1591 so
770 1542 887 1611 gerent,
910 1544 944 1591 ut
962 1549 1014 1590 sua
1028 1531 1147 1590 consilia

132 1626 239 1703 optimo
253 1625 362 1704 cuique
375 1624 518 1705 probent,
531 1627 686 1705 optimates
700 1625 812 1688 bnberi.
825 1629 888 1688 llos
904 1625 1042 1704 igiturex
1056 1629 1149 1685 omni·

132 1719 181 1780 bns
192 1720 353 1781 ordinibus
371 1740 435 1781 esse
449 1740 545 1800 posse.
562 1721 759 1804 Optimatibus
773 1735 871 1783 autern
886 1721 1068 1803 propositum
1087 1740 1149 1782 esse

133 1836 193 1878 cnm
206 1817 354 1895 dignitate
369 1818 471 1878 odom.
495 1822 598 1898 ltaque
613 1838 665 1878 eos
679 1820 754 1881 tueri
768 1819 799 1879 in
813 1816 964 1898 republica
980 1816 1149 1898 religiones,

133 1915 270 1995 auspicia,
288 1926 449 1993 ponentes
456 1916 815 1994 magistratuum,senatus
828 1915 1045 1989 anctoritatem,
1056 1915 1148 1994 loges,

133 2031 238 2072 norem
256 2010 416 2090 maurum,
432 2011 559 2090 judicis,
577 2011 823 2088 jurisdictionem,
845 2011 949 2083 iidem,
971 2011 1147 2091 provincius,
1228 2056 1234 2068 .

132 2107 241 2188 inperii
253 2106 389 2180 landem,
405 2127 469 2167 rern
479 2107 645 2182 militarem,
657 2109 801 2168 nurum.
814 2107 892 2170 0lim
904 2108 991 2168 inisoe
1000 2121 1147 2188 tempora,
1206 2135 1210 2147 ·

133 2203 283 2285 inquibus
298 2203 491 2264 multitudinis
510 2202 637 2264 studium
658 2202 695 2263 sb
713 2201 1027 2282 utilitutmreipublira
1038 2202 1150 2263 discre-

131 2302 233 2380 puerit.
246 2305 336 2363 ttunc
348 2300 409 2380 jam
425 2301 496 2360 nibil
510 2320 586 2372 esse,
597 2299 678 2380 quod
690 2298 816 2381 populus
834 2319 853 2358 a
872 2299 990 2360 delectis
1009 2298 1149 2380 principi-

131 2396 239 2479 busque
252 2397 418 2471 dissentiet3
440 2416 499 2456 non
516 2417 577 2457 esse
595 2415 737 2467 notorem
752 2416 850 2456 rerum
866 2395 1022 2477 cupidum,
1038 2409 1069 2457 et
1086 2396 1149 2456 otio

130 2512 179 2553 suo
189 2514 225 2555 se
236 2493 379 2573 dignitate
393 2492 495 2569 optimi
511 2493 650 2571 cujusque
669 2503 704 2551 et'
720 2491 862 2551 universe
878 2489 1044 2572 reipublice
1056 2492 1149 2571 gloria

130 2589 276 2650 delectari.
293 2593 396 2667 ltnque
412 2587 544 2648 homines
564 2588 715 2648 seditiosos
732 2607 766 2646 nc
787 2587 984 2664 turbulentos,
997 2590 1049 2666 qni
1068 2589 1147 2648 nulla

126 2686 183 2763 jam
198 2684 354 2765 largitione
368 2684 509 2764 populum
526 2703 678 2744 romanum
692 2684 837 2744 concitare
853 2685 978 2763 possint,
991 2683 1148 2745 conductas

129 2782 235 2843 babere
257 2782 430 2855 conciones,
445 2782 476 2841 b.
496 2803 522 2842 e.
544 2783 676 2844 homines
698 2795 814 2862 egentes
837 2783 934 2863 pretio
953 2802 987 2842 ac
1014 2783 1147 2842 mercede

128 2879 310 2951 conducere,
326 2879 404 2938 utin
419 2877 608 2938 concionibus
619 2892 726 2959 presto
740 2881 816 2952 sint,
839 2891 869 2938 ot
889 2897 1035 2939 assensum
1053 2879 1146 2939 bomi-

128 2975 212 3036 nibus
225 2976 416 3048 turbulentis,
429 2976 481 3054 qni
492 2995 523 3035 se
536 2977 693 3056 populares
704 2976 819 3048 dicant,
834 2976 998 3056 prebeant,
1014 2993 1079 3054 cap.
1090 2983 1145 3045 tt·

129 3080 174 3150 tp
183 3073 299 3131 Horum
311 3070 462 3130 bominum
475 3071 607 3130 mercede
618 3071 831 3131 conductorum
840 3090 937 3150 opere
948 3071 973 3130 si
985 3087 1149 3128 removean-

128 3181 185 3239 tur,
199 3167 347 3227 existimat
362 3185 464 3226 omnes
485 3165 562 3226 idem
581 3165 618 3226 de
635 3166 787 3246 republica
808 3185 942 3226 sensuros
961 3164 1063 3224 videri.
1082 3168 1147 3228 Hoc

128 3265 230 3343 populi
236 3263 380 3342 judicium
392 3261 486 3322 tribus
495 3265 618 3323 maxime
632 3265 704 3322 locis
717 3263 873 3342 significari
883 3281 986 3343 posse,
996 3263 1147 3335 concione,

126 3361 266 3432 comitiis,
285 3359 422 3419 ludorum
443 3359 644 3440 (scenicorum)
662 3360 912 3440 gladiatorumque
929 3360 960 3439 (i.
972 3380 998 3420 e.
1012 3358 1146 3419 ludorum

127 3456 377 3537 gladiatoricrum)
393 3476 538 3516 consessu.
552 3462 652 3536 ltaque
663 3459 720 3517 tria
734 3458 788 3517 ista
798 3458 840 3518 sio
851 3458 987 3536 exponit,
1003 3472 1036 3520 ut
1049 3478 1148 3518 exem-

127 3555 207 3633 plaa
226 3553 423 3614 benivolentia
443 3552 499 3612 sibi
518 3552 644 3624 absenti,
659 3573 750 3632 quum
765 3554 803 3615 de
818 3554 915 3615 ruditu
933 3572 987 3614 suo
1002 3567 1148 3634 ageremr,

128 3663 249 3729 repetit.
265 3653 366 3728 ltaque
379 3649 416 3708 nd
433 3650 589 3709 conciones
600 3650 696 3711 Clodii
711 3651 854 3711 nerninem
867 3652 1084 3731 incorruptum,
1098 3672 1147 3710 nc·

129 3749 233 3807 minem
246 3748 390 3826 integrum
403 3746 522 3820 adiisse,
535 3747 572 3806 ad
586 3749 702 3808 Lentuli
722 3750 851 3808 consulis
872 3749 1042 3809 concionem
1063 3748 1101 3808 de
1116 3769 1149 3808 sc

130 3842 255 3902 habitam
268 3862 442 3903 concursum
457 3844 545 3903 totius
555 3844 657 3924 populi
671 3863 733 3903 esse
746 3845 869 3917 lactum,
884 3864 950 3923 cap.
964 3845 1010 3904 io.
1023 3845 1148 3906 Comitia
1271 3880 1274 3890 ·

130 3940 290 4017 quantulis
310 3940 368 4001 sint
390 3941 486 4018 legum
506 3939 706 4014 serendarum,
721 3941 778 4001 alin
790 3942 1024 4020 magistratuum
1046 3941 1147 4002 inillis

131 4055 219 4128 quum
237 4049 337 4099 contra
349 4056 381 4097 se
395 4036 442 4095 lex
458 4037 515 4096 lata
528 4050 602 4097 esset
615 4036 758 4098 neminem
773 4056 849 4110 csse,
863 4038 915 4117 qut
926 4056 956 4098 se
971 4038 1069 4098 tulisse
1082 4036 1147 4097 aui·
