2662 4778
342 332 539 401 ORATIO
560 332 662 401 PRO
689 333 725 399 P.
752 333 956 402 SEXTIO.
1142 335 1188 429 39

145 457 197 532 Sed
208 481 261 528 me
278 454 340 527 alii
352 468 487 540 metus,
508 467 618 551 atque
634 452 709 524 alise
727 478 821 544 eurae
833 464 876 541 ¹¹,
894 455 1191 551 suspicionesque

144 581 323 642 noverunt.

176 683 260 751 xvl.
287 681 478 773 Exponam
507 675 604 745 enim
633 673 814 746 hodierno
836 672 914 762 die,
931 672 1089 768 judices,
1111 697 1189 743 om·

142 812 206 860 nem
226 787 403 858 rationem
429 781 513 855 facti
533 797 569 854 et
590 783 731 855 consilii
748 785 820 855 mei
833 794 868 867 ¹3
886 807 1007 880 neque
1030 781 1115 854 huic
1132 808 1190 854 ve·

142 912 198 968 stro
215 909 317 967 tanto
335 891 457 966 studio
482 890 671 982 audiendi,
696 918 818 990 neque
842 904 954 964 vero²
979 893 1065 964 huic
1084 907 1192 962 tantae

143 1003 367 1092 multitudini,
394 1017 551 1100 quanta,
573 1027 654 1074 mea
679 1005 873 1090 memoria,
895 1027 1094 1100 numquam
1116 1002 1192 1074 ullo

142 1117 310 1212 injudicio
325 1112 394 1184 luit
405 1168 415 1202 ,
428 1112 551 1186 deero.
566 1115 658 1183 Nam
669 1167 682 1197 ,
693 1114 723 1182 si
740 1138 806 1211 ego
821 1116 859 1184 in
875 1137 981 1184 causa
995 1127 1067 1183 tam
1082 1112 1192 1198 bona,

143 1241 223 1299 nuto
243 1224 365 1298 studio
387 1238 551 1311 senatus,
574 1228 756 1295 consensu
773 1238 845 1295 tam
861 1221 1064 1294 incredibili
1079 1222 1192 1293 bono·

145 1359 204 1409 rum
222 1338 408 1419 omnium,
425 1346 498 1403 tam
517 1347 662 1430 param,
675 1346 750 1403 tota
766 1331 924 1428 denique
938 1332 1038 1404 ltalia
1058 1331 1103 1403 ad
1115 1357 1191 1402 om-

145 1469 208 1516 nen
225 1444 498 1517 contentionem
515 1440 718 1540 expedita³‚
729 1445 818 1513 cessi
832 1441 970 1512 tribuni
987 1441 1122 1540 plebis,
1136 1443 1192 1514 de·

145 1556 348 1652 spicatissimi
367 1551 1092 1649 hominis‚surori;contemptissimorum
1104 1550 1192 1623 con·

147 1665 241 1737 sulum
256 1666 436 1737 levitatem
449 1663 709 1760 audaciamque
723 1664 910 1761 pertimui;
920 1662 1071 1733 nimium
1082 1686 1141 1733 me
1154 1664 1192 1732 ti·

147 1773 260 1845 nidum
273 1828 283 1863 ,
295 1774 434 1844 nullius
442 1776 568 1860 animi,
583 1773 720 1844 nullius
732 1773 873 1844 consilii
883 1770 992 1844 fuisse
1002 1769 1192 1844 confiteor.

177 1884 268 1975 Quid
291 1886 388 1956 enim
406 1883 521 1955 simile
538 1881 607 1953 fuit
628 1887 666 1953 in
689 1884 733 1972 Q.
756 1883 954 1954 Metellos?
978 1882 1082 1976 cujus
1105 1906 1190 1954 cau-

169 2109 200 2143 tt.
220 2093 272 2141 Alii
286 2104 378 2150 metris,
393 2104 467 2157 atque
485 2093 543 2140 alioe
557 2107 632 2140 curce.
679 2092 707 2140 C.
716 2091 753 2139 illi
764 2088 860 2153 Mario,
873 2091 1003 2141 fortissimo
1014 2091 1083 2155 viro,
1095 2103 1119 2140 et
1132 2109 1192 2141 con·

142 2170 196 2233 Qud
210 2172 314 2222 Clodius
324 2188 365 2230 es,
378 2188 433 2235 quae
445 2183 528 2220 cmm
539 2171 636 2219 Cicero·
679 2171 725 2218 suli
739 2182 763 2219 et
773 2182 867 2219 sextum
878 2170 987 2229 consuli,
998 2171 1084 2231 eteius
1093 2171 1192 2220 invictis

140 2264 179 2298 nen
201 2252 310 2311 ficeret,
339 2267 365 2298 se
391 2251 469 2298 iecere
494 2250 635 2298 auctoribus
679 2250 832 2313 legionibus,
846 2267 878 2298 ne
893 2251 967 2298 armis
980 2249 1139 2314 confligeret,
1152 2269 1191 2299 ce·

137 2329 367 2397 Pompeioffirssso,
382 2329 636 2388 Caessre‚inconcio·
679 2329 786 2377 densium
804 2346 855 2377 esse
875 2329 976 2377 duxit».
1000 2329 1042 2376 Est
1058 2329 1134 2392 igitur
1149 2329 1191 2377 hic

135 2409 195 2457 n'bm
212 2409 347 2457 clemsbat:
362 2409 405 2472 qui
422 2425 497 2471 quum
513 2419 636 2471 tacerent,
679 2423 779 2457 sensns:
794 2407 967 2455 discedendum
983 2407 1028 2454 fuit
1042 2409 1074 2471 Q.
1089 2407 1191 2456 Metello

133 2486 401 2537 eonfiterividebsntur:
410 2485 449 2532 his
459 2486 541 2549 igitur,
547 2486 636 2549 inquit,

130 2569 198 2625 oessi,
222 2582 289 2625 non,
310 2566 406 2615 bouint
429 2565 635 2629 despicatissimo,

128 2646 228 2704 Clodio,
237 2661 290 2694 non
303 2644 516 2709 contemptissimis
529 2645 635 2692 considi-

126 2724 183 2786 hos,
195 2724 282 2774 Pisoni
291 2735 316 2772 et
325 2724 439 2773 Gabinio.

158 2808 230 2854 m
243 2818 267 2853 1.
278 2805 349 2852 eaesi
359 2815 382 2852 et
389 2803 484 2852 consilii
491 2803 547 2851 mei.
557 2804 636 2861 Facti,

124 2883 193 2950 quod
204 2883 319 2931 mutim
330 2882 501 2931 communibus
515 2881 638 2943 inimicis,

124 2977 149 3012 ss
164 2964 193 3011 ist
213 2962 326 3011 exsilium
344 2963 379 3010 ire
401 2961 540 3019 maluerim,
563 2978 637 3025 quam

124 3059 180 3091 ens
188 3042 309 3090 emm
319 3043 379 3106 reip.
388 3042 499 3106 periculo
510 3041 647 3091 dimicaret

124 3122 236 3180 consilii,
259 3139 310 3186 quo
330 3137 385 3170 sum
403 3121 539 3181 adductus,
557 3122 640 3177 utid,

124 3202 193 3266 quod
219 3197 285 3259 leci,
313 3200 387 3248 bouis
410 3200 541 3258 omnibus,
567 3211 637 3249 antes

125 3297 224 3346 quque
239 3297 307 3330 sne
320 3281 438 3339 servans,
457 3281 541 3329 utilius
553 3280 639 3328 existi·

126 3375 224 3408 merem.

160 3456 187 3487 s.
216 3442 293 3487 Vero.
318 3439 429 3488 Gravius
448 3437 540 3486 delerit
558 3454 638 3494 vero,

129 3519 195 3582 quod
205 3520 288 3568 uberet
299 3535 316 3566 ι
327 3518 389 3567 MSS
398 3519 458 3579 eins.
468 3520 563 3567 Ernest.
575 3527 640 3566 recte

131 3596 244 3647 &eadit
256 3600 282 3647 J.
291 3598 324 3646 V.
337 3599 366 3647 L

164 3677 186 3724 3.
203 3677 247 3724 Ad
256 3693 352 3724 omnem
366 3674 544 3724 contentionem
561 3692 639 3742 expe·

134 3754 190 3805 eiu.
209 3756 285 3820 Quod
297 3771 329 3805 ex
342 3755 446 3805 deotetie
458 3767 554 3822 poteret
568 3757 640 3805 intel·

679 2488 716 2536 illi
726 2487 858 2535 Numidico
869 2501 876 2535 :
890 2487 958 2550 quod
971 2487 1024 2547 ejus
1035 2502 1130 2535 musam
1140 2503 1191 2536 non

679 2579 777 2616 senatus
791 2567 890 2631 publice
911 2578 1067 2632 susceperat:
1081 2566 1151 2630 quod
1170 2570 1192 2615 ei

679 2657 789 2694 recesset
803 2662 860 2692 cum
874 2645 982 2693 exercitu
998 2647 1027 2694 C.
1040 2646 1114 2693 Marii
1127 2647 1191 2693 invi-

680 2736 734 2783 cto,
744 2741 800 2772 cum
814 2725 867 2788 ipso
877 2723 906 2772 C.
918 2724 1009 2782 Mario,
1022 2736 1192 2773 conservatore

679 2805 782 2870 patrias,
795 2814 890 2852 sextum
904 2803 1018 2861 conside,
1032 2820 1087 2852 eum
1104 2807 1132 2851 L.
1147 2808 1193 2855 Sa-

680 2884 779 2932 turnino
800 2885 888 2932 iterum
910 2884 1010 2930 tribuno
1033 2883 1068 2947 pl.
1092 2884 1192 2932 homine

680 2963 794 3026 vigilante
809 2979 816 3009 :
834 2962 915 3025 quod,
938 2963 959 3009 si
977 2978 1086 3026 pugnare
1105 2963 1193 3020 vellet,

680 3053 724 3090 sut
741 3043 818 3106 ipsius
842 3041 966 3089 interitum
987 3057 1019 3087 ex
1036 3041 1192 3090 inimicorum

681 3120 883 3181 victorin,sut,si
893 3122 944 3183 ipse
953 3120 1192 3183 vinceret,magmm

681 3202 741 3265 reip.
754 3199 914 3248 uelamintem
927 3215 940 3246 e
954 3199 1141 3247 fordsumornm
1156 3202 1193 3247 vi·

681 3296 765 3329 rorum
784 3279 851 3327 eaede
870 3278 1020 3344 prospiceret
1036 3295 1042 3327 ι
1058 3296 1110 3327 mes
1131 3282 1193 3329 ratio
1222 3303 1226 3311 ·

682 3359 729 3408 fuit
739 3359 786 3406 ulia
796 3373 803 3408 :
816 3375 893 3422 quum
904 3359 968 3406 enim
980 3369 1004 3407 et
1012 3374 1089 3407 meant
1098 3376 1195 3409 eanum

682 3449 793 3497 senatus,
807 3449 919 3502 equester
932 3437 995 3486 ordo
1005 3472 1013 3496 ‚
1024 3450 1113 3487 cuneta
1126 3440 1195 3488 Italia

683 3518 781 3582 publice
792 3517 948 3581 suscepisset;
962 3526 986 3565 et
998 3517 1059 3565 mihi
1071 3534 1109 3566 res
1122 3529 1198 3576 esset,
1274 3566 1281 3573 ,

683 3613 735 3645 non
752 3613 808 3644 cnm
820 3597 848 3646 C.
863 3597 958 3654 Mario,
973 3596 1015 3644 sed
1030 3613 1087 3644 eum
1101 3597 1199 3645 duobus

684 3676 898 3741 contemptissimis
911 3674 1067 3733 consulibus,
1081 3693 1133 3725 non
1143 3694 1199 3726 eum

683 3759 711 3804 L.
735 3756 880 3813 Saturnino,
902 3753 945 3803 sed
967 3772 1024 3802 cnm
1042 3755 1142 3803 tribuno
1161 3757 1196 3821 pl.

685 3837 711 3883 P.
725 3834 826 3893 Clodio,
839 3835 949 3882 omnium
961 3834 1087 3883 hominum
1097 3837 1197 3899 nequis-

173 3922 194 3967 Ι..
209 3914 274 3976 Quid
284 3912 347 3961 enim
359 3913 437 3965 simile
442 3913 496 3979 ficit
508 3914 533 3961 iu
546 3917 576 3978 Q.
590 3917 642 3961 Me·
685 3915 763 3976 simo,
774 3925 846 3978 atque
856 3913 1008 3977 turpissimo;
1017 3930 1080 3978 quos
1087 3915 1199 3964 homines

145 3991 568 4044 ulleilul’isonemzedliscausn
581 4011 643 4060 prae·
687 3995 707 4042 si
732 3994 886 4055 occiderem,
913 4009 987 4042 nemo
1014 4010 1093 4058 neque
1120 4010 1200 4043 meum

149 4073 268 4121 euettsimi
290 4075 335 4121 viri
353 4075 384 4136 Q.
401 4073 495 4122 Metelli
514 4074 578 4124 fuit:
601 4074 644 4139 qni
688 4075 778 4123 fretum
792 4071 992 4139 reprehenderet,
1010 4090 1090 4137 neque
1102 4073 1198 4122 illorum
