2662 4778
225 361 271 434 36
539 361 588 428 Μ.
614 361 653 428 T.
681 359 969 431 CICERONIS

222 499 265 556 ut
285 483 450 555 omittam
476 481 694 567 Gabinium,
721 480 823 579 quod
844 496 985 553 tantum
1011 481 1177 556 homines
1194 483 1302 556 fefel-

222 595 316 679 listi,
334 605 375 663 ut
396 589 596 686 negligeres
618 593 871 664 auctoritatem
893 595 1058 665 senatus?
1079 595 1208 691 optimi
1233 620 1302 666 cu-

219 705 352 800 jusque
370 701 520 773 consilia
536 701 810 773 contemneres?
824 701 1085 799 rempublicam
1101 702 1301 801 proderes?

221 812 411 886 consulare
426 837 562 884 nomen
576 810 776 909 affligeres?
795 813 951 883 etiamne
966 811 1106 884 edicere
1121 810 1300 900 audebas,

222 949 269 995 ne
286 937 484 994 moererent
508 921 675 993 homines
699 945 838 1009 meam,
860 946 984 1010 suam,
1008 921 1219 1021 reipublicae
1237 948 1297 995 ca·

221 1032 441 1103 lumitatem?
462 1029 535 1103 ne³
561 1031 661 1104 hunc
681 1057 787 1103 suum
812 1031 976 1105 dolorem
995 1047 1094 1104 veste
1116 1031 1297 1129 significa·

221 1143 327 1214 rent?
354 1144 433 1214 Sive
460 1141 520 1213 illa
547 1142 656 1213 vestis
684 1144 835 1212 mutatio
859 1141 904 1212 ad
929 1143 1094 1213 luctum‘*
1119 1144 1296 1240 ipsorum,

222 1256 297 1324 sive
311 1252 357 1322 ad
371 1250 642 1350 deprecandum
660 1249 820 1339 valebat3
835 1253 917 1348 quis
933 1276 1106 1348 umquam
1127 1265 1201 1322 tam
1216 1276 1297 1323 cru-

223 1363 315 1434 delis
336 1360 426 1450 fuit,
450 1366 516 1458 qui
542 1359 755 1458 prohiberet
778 1386 998 1458 quemquam
1025 1376 1088 1432 aut
1109 1360 1179 1432 sibi
1204 1387 1295 1433 moe·

221 1500 321 1562 rere,
343 1487 405 1545 aut
427 1477 556 1545 ceteris
577 1472 803 1570 supplicare?
828 1471 950 1563 Quid?
979 1497 1044 1543 sna
1072 1486 1202 1569 sponte
1226 1471 1293 1542 ho·

221 1592 337 1661 mines
363 1591 401 1658 in
430 1587 627 1658 amicorum
657 1587 827 1683 periculis
853 1589 1022 1658 vestitum
1052 1600 1192 1657 mutare
1217 1611 1292 1656 non

221 1698 361 1770 solent?
377 1721 445 1794 pro
463 1711 497 1767 te
515 1698 594 1792 ipso
602 1692 629 1782 ⁵,
651 1697 753 1784 Pis0‚
775 1721 931 1768 nemone
953 1691 1152 1767 mutavit⁶?
1171 1719 1219 1766 ne
1235 1696 1294 1766 isti

221 1806 390 1904 quidem,
417 1828 512 1902 quos
535 1804 691 1902 legat0s⁷
712 1831 789 1877 non
807 1805 918 1878 modo
937 1807 1039 1878 nullo
1060 1821 1293 1878 senatuscon-

220 1916 337 2001 sulto,
357 1914 421 1987 sed
438 1917 543 1986 etiam
564 1931 792 2013 repugnante
807 1932 954 2005 senatu,
972 1930 1048 1988 tute
1063 1915 1130 1987 tibi
1144 1915 1293 2013 legasti?

220 2031 317 2124 Ergo
336 2023 494 2097 bominis
513 2019 730 2122 desperati⁸,
749 2041 785 2097 et
802 2025 998 2124 proditoris
1016 2023 1225 2123 reipublicae
1238 2050 1292 2096 ‹n-

220 2162 302 2209 sum
327 2133 533 2232 lugebunt⁹
555 2134 725 2218 sortasse,
749 2139 815 2233 qui
837 2137 983 2208 volent:
1003 2138 1089 2208 civis
1112 2135 1292 2208 florentis·

220 2246 301 2318 simi
323 2243 567 2317 benivolentia
585 2243 789 2334 bonorum,
811 2260 848 2317 ct
868 2250 1006 2344 optime
1031 2246 1076 2317 de
1095 2246 1210 2318 salute
1232 2271 1291 2344 pa-

219 2357 296 2425 triae
328 2355 472 2442 meriti,
501 2356 725 2454 pericnlum,
753 2358 990 2453 conjunctum
1018 2381 1102 2429 cum
1127 2357 1291 2455 periculo

220 2465 391 2557 civitatis,
419 2465 541 2560 lugere
562 2469 703 2536 senatui
721 2489 797 2536 non
817 2466 962 2538 licebit?
988 2467 1100 2538 iidem
1124 2467 1293 2539 consules

221 2575 271 2669 (si
288 2575 494 2673 appellandi
508 2590 593 2646 sunt
609 2576 793 2664 consules,
811 2601 905 2674 quos
918 2602 1027 2649 nemo
1041 2591 1113 2663 est,
1133 2579 1198 2674 qni
1212 2602 1290 2649 non

218 2684 330 2755 modo
345 2710 389 2756 ex
404 2687 595 2767 memoria,
613 2684 677 2757 sed
698 2688 806 2756 etiam
825 2712 870 2758 ex
888 2685 985 2758 fastis
1001 2686 1210 2758 evellendos
1227 2711 1290 2786 pu·

255 2847 281 2892 3.
295 2845 348 2904 Ne,
358 2855 407 2893 eto.
418 2845 460 2895 ΔΙ.
472 2867 485 2887 ι
495 2862 556 2896 neve
569 2847 594 2894 b.
602 2848 654 2898 dol.
666 2861 732 2899 reate
776 2858 832 2914 post
844 2847 959 2896 Reditum
974 2848 1006 2896 ad
1018 2848 1088 2911 Qnir.
1102 2862 1156 2912 cap.
1170 2843 1201 2903 ὅ,
1222 2849 1287 2909 conj,

219 2933 310 2972 mutata
325 2925 439 2972 s.»J.V.
453 2928 480 2974 L.
713 2944 717 2951 ·
775 2927 886 2977 mutabit.
913 2927 1026 2992 Optime;
1049 2925 1092 2975 sed
1115 2928 1165 2987 jam
1190 2926 1288 2976 hllen.

254 3013 277 3058 4.
289 3004 332 3050 Ad
340 3005 430 3052 luctum
440 3005 555 3069 aprorum.
566 3009 631 3066 Sive,
640 3009 729 3074 inquit,
775 3008 926 3068 conjecerat,
940 3018 965 3054 et
978 3007 1079 3054 omnino
1093 3018 1200 3054 aurunt
1216 3008 1289 3055 Gara·

218 3092 308 3129 vestem
323 3094 485 3140 mutaverant.
501 3096 529 3134 nt
542 3103 620 3135 meam
630 3089 729 3152 pariter,
774 3085 866 3136 tonius.
879 3085 945 3132 Π.
959 3085 988 3132 Ι..

217 3172 318 3209 eranam
329 3163 440 3225 lugerent
449 3162 624 3228 calamitatem,
636 3168 688 3215 eive
701 3180 731 3217 ut
811 3181 836 3226 7·
852 3167 965 3228 lagatos·
980 3163 1086 3210 Videtur
1096 3163 1154 3210 le
1164 3163 1219 3228 ¹08⁸
1230 3164 1289 3212 Clo·

216 3257 294 3288 meam
302 3240 403 3288 salutem
413 3240 729 3307 deprecarentur3neutram
774 3242 831 3301 dia,
856 3259 904 3306 qua
924 3243 1075 3307 provinciam
1095 3242 1210 3306 aceepit,
1237 3258 1290 3291 eam

216 3319 249 3367 ob
269 3335 365 3369 eausam
385 3319 462 3368 facere
484 3321 528 3380 id,
551 3325 619 3387 qnod
637 3325 730 3387 hond,
775 3323 915 3371 facultate-
929 3321 1056 3380 babuisse,
1075 3332 1102 3368 ut
1115 3321 1211 3385 legator
1226 3321 1290 3369 deli·

216 3416 313 3463 aequnna
332 3399 403 3446 tuit:
423 3414 500 3462 quum
521 3418 593 3451 nemo
614 3421 730 3469 umquam
774 3411 853 3465 geret,
866 3400 1044 3464 utqueideireo
1059 3414 1207 3464 repugnare
1219 3416 1292 3449 aena·

217 3489 265 3525 tam
280 3475 387 3524 crudelis
407 3476 495 3540 fuerit,
513 3481 556 3544 qni
575 3483 730 3546 prohibuerit
774 3491 831 3540 tue,
847 3480 915 3544 quod
927 3478 1005 3543 ipsine
1015 3479 1148 3527 auctoritas
1160 3479 1291 3528 imminue-

215 3571 361 3620 qnemqnam
373 3566 414 3603 ant
425 3572 526 3607 maerere
535 3561 560 3609 in
571 3578 616 3610 suo
628 3562 729 3624 dolore,
774 3558 854 3607 batur.
866 3558 957 3607 Confer
969 3558 996 3605 in
1005 3558 1054 3606 l’ie.
1066 3557 1109 3605 36.

215 3646 257 3683 aut
271 3635 357 3682 oeterie
367 3634 401 3711 ¹iu
418 3637 489 3686 amici
508 3641 618 3703 periculo
635 3645 728 3710 suppli.
810 3640 836 3687 8.
850 3636 962 3685 flandris
974 3634 1104 3700 desperati.
1117 3636 1167 3698 Qui
1180 3645 1210 3683 ut
1223 3647 1291 3688 reete

215 3730 277 3762 care.
772 3716 1005 3781 agat,autsentiat‚
1016 3715 1168 3782 spuarinon
1177 3725 1273 3780 potest.

252 3796 275 3841 ⁵.
288 3795 337 3840 Pm
348 3804 371 3840 te
379 3793 440 3858 ipso.
451 3797 608 3864 Apostrophe
618 3801 650 3849 ad
661 3804 727 3851 Piso
807 3811 832 3858 9·
852 3796 976 3862 Lageam
981 3792 1101 3858 jbrcasse.
1117 3793 1226 3844 Addidit
1237 3795 1291 3845 for·

214 3889 271 3919 nem
293 3872 440 3923 absentem:
463 3892 520 3924 nam
543 3878 592 3927 boe
619 3891 727 3946 tempore
771 3885 850 3936 tute,
867 3886 896 3923 ut
916 3874 1023 3924 dubitari
1044 3889 1117 3939 porse
1131 3872 1241 3934 indicet,
1257 3890 1291 3925 an

214 3952 383 4001 Macedoniam
392 3958 560 4018 proconsulari
568 3962 672 4025 imperio
683 3962 727 4010 ad.
770 3953 858 4018 aliquia
868 3954 969 4001 omuino
978 3954 1005 4001 in
1013 3952 1120 4002 homini·
1128 3952 1256 4018 (lupuli
1265 3967 1292 4006 et

215 4031 373 4080 ministrabat.
770 4033 906 4097 proditorie
926 4033 1068 4097 reipublice
1086 4048 1144 4082 caru
1164 4032 1292 4098 lacryma

250 4103 275 4149 6.
292 4103 403 4152 Haurit.
422 4108 459 4155 rr.
477 4109 508 4156 Α.
523 4110 600 4158 Wott.
615 4111 647 4158 ad
662 4124 725 4163 orat.
772 4111 872 4162 daturne
884 4115 924 4161 ein
