2656 5258
359 376 563 445 onitin
590 375 693 443 ano
718 375 755 443 r.
781 375 983 444 sutrio.
1155 399 1202 472 29

161 496 286 597 etquod
303 494 491 580 videbam,
513 495 732 592 quibuscum
750 494 960 566 bominibus
977 497 1014 565 in
1030 496 1202 568 interiore

157 614 260 684 adium
282 625 387 710 parte
408 612 564 696 viveret,
586 623 622 680 et
642 608 742 706 quod
768 610 816 680 ita
843 609 974 679 domus
996 610 1073 708 ipsa
1091 607 1204 700 furna·

156 724 213 811 hat,
229 738 270 793 ut
288 720 404 792 multa
423 720 502 815 ejus
520 721 695 790 sermonis
710 720 841 791 indicia
858 719 1054 804 redoleret,
1072 734 1202 793 statue·

154 833 215 904 ham
244 833 318 913 sic,
349 827 440 900 boni
467 827 557 898 nibil
594 828 735 899 abillis
765 831 870 925 nugis
901 829 1205 927 exspectandum,

152 942 217 1013 nali
228 940 379 1038 quidem
394 952 491 1010 certe
506 937 616 1007 nihiu
629 938 964 1035 pertimescendum.
983 938 1052 1009 Sed
1067 941 1115 1010 ita
1132 956 1201 1031 est,

148 1051 291 1147 judicos,
314 1063 380 1135 ut,
406 1049 437 1118 si
461 1046 618 1143 gladium
646 1072 757 1145 parvo
783 1073 918 1146 puero,
946 1064 1009 1118 ant
1034 1054 1061 1119 si
1086 1049 1201 1123 imbe-

149 1161 213 1231 cillo
239 1160 320 1230 seni
351 1170 416 1228 aut
442 1155 553 1227 debili
580 1155 742 1243 dederis,
774 1160 850 1253 ipse
874 1159 1012 1255 impetu
1037 1182 1104 1229 suo
1138 1185 1199 1232 ne·

147 1274 221 1341 nini
240 1281 393 1353 noceat3
415 1268 470 1336 sin
486 1265 531 1336 ad
552 1265 691 1337 nudum
708 1266 766 1337 vel
781 1265 961 1337 fortissimi
983 1268 1047 1337 viri
1066 1293 1198 1367 corpus

146 1382 336 1464 accesserit,
356 1379 469 1474 possit
486 1379 560 1447 acie
578 1378 655 1474 ipsa
674 1390 711 1447 et
732 1374 817 1447 ferri
836 1374 972 1445 viribus
993 1378 1197 1450 vulnerari:

143 1490 182 1558 ita
207 1511 325 1586 quum
354 1482 565 1556 bominibus
590 1482 797 1556 enervatis8
823 1499 932 1581 atque
958 1487 1199 1583 exsanguibus

144 1597 361 1683 consulatus,
389 1610 572 1693 tamquam
599 1593 759 1692 gladius,
780 1609 873 1665 esset
901 1593 1023 1679 datus3
1046 1598 1110 1691 qui
1133 1621 1199 1694 per
1224 1640 1227 1645 ·

143 1733 173 1778 se
191 1730 356 1805 pungere
374 1709 556 1776 neminem
577 1729 750 1802 umquam
771 1706 992 1800 potuissent,
1013 1703 1049 1773 lii
1066 1707 1197 1776 summi

138 1819 271 1916 imperii
301 1818 451 1886 nomine
482 1819 607 1886 armati
640 1813 901 1911 rempublicam
931 1812 1198 1885 contrucidave-

137 1941 227 1996 mut.
245 1923 381 1996 Foedus
402 1921 565 1994 fecerunt
581 1946 664 1993 cum
681 1922 828 1994 tribuno
845 1922 983 2018 plebis⁹
1000 1923 1135 2019 palam,
1154 1938 1197 1994 ut

137 2034 178 2104 ab
204 2059 249 2105 eo
281 2034 487 2131 provincias
518 2037 745 2129 acciperent,
774 2057 864 2129 quas
899 2035 966 2129 ipsi
979 2042 1011 2075 ¹⁰
1044 2033 1195 2121 vellent3

137 2146 326 2216 exercitum
341 2197 350 2230 ,
368 2157 406 2213 et
424 2145 633 2239 pecuniam,
653 2155 825 2239 quantam
843 2140 1030 2225 vellent¹¹,
1046 2165 1086 2210 ea
1106 2141 1195 2237 lege,

136 2255 243 2352 siipsi
262 2255 363 2349 prius
382 2251 529 2322 tribuno
549 2250 665 2348 plebis
685 2250 849 2321 alllictam
862 2261 893 2292 ¹²
913 2265 949 2320 et
965 2252 1193 2322 constrictam

135 2363 389 2460 rempublicam
413 2360 652 2431 tradidissent.
672 2361 713 2431 ld
732 2376 851 2432 autem
876 2358 995 2431 soedus
1016 2385 1098 2430 meo
1119 2385 1196 2431 sau·

136 2477 238 2568 guine
259 2473 372 2543 ictum
390 2471 517 2541 sanciri
534 2495 639 2567 posse
657 2469 835 2540 dicebant.
860 2473 940 2559 Qua
960 2495 999 2540 re
1019 2468 1193 2567 patefacta

136 2582 388 2678 (nequeenim
410 2579 622 2651 dissimulari
644 2595 785 2651 tantum
807 2580 924 2650 scelus
946 2595 1107 2677 poterat,
1124 2605 1192 2651 nec

135 2693 279 2786 latere),
302 2690 581 2789 promulgantur
596 2717 670 2762 uno
691 2692 893 2787 eodemque
905 2706 1069 2786 tempore
1087 2715 1192 2787 roga-

135 2804 244 2874 tiones
267 2802 313 2872 ab
334 2801 462 2882 eodem
485 2801 631 2872 tribuno
646 2800 692 2872 de
711 2826 790 2872 mea
807 2801 984 2897 pernicie,
1003 2815 1039 2870 et
1055 2798 1100 2871 de
1113 2824 1193 2896 pro·
1218 2816 1221 2821 '

135 2913 251 2983 vinciis
268 2910 459 2982 consulum
481 2914 704 2981 nominatim.

164 3137 341 3198 protulit
355 3140 437 3201 Quom
451 3137 544 3185 sel‘iso
557 3147 636 3184 totum
680 3147 792 3183 cunctam
820 3135 938 3183 Gmciam
959 3149 967 3182 :
996 3150 1058 3197 quos
1085 3134 1192 3198 populos

133 3218 205 3280 gula,
217 3220 310 3277 ventri,
320 3216 426 3281 mapale
440 3216 533 3264 dedisse
542 3216 636 3263 videre·
680 3217 768 3271 Cesar,
776 3216 828 3274 ejus
837 3230 918 3278 gener,
927 3229 969 3260 sos
981 3213 1033 3275 lege
1042 3213 1130 3261 liberos
1138 3229 1190 3263 ssss

131 3308 177 3357 tar,
189 3299 252 3347 nibil
267 3298 299 3345 de
312 3295 476 3360 perturbanda
495 3312 547 3359 rep.
566 3295 635 3358 cogi·
676 3296 787 3355 jusserat.

131 3386 182 3425 tare.
311 3372 314 3377 ’
716 3390 756 3422 rr.
777 3373 921 3425 Pecuniam,
944 3383 1065 3436 quantam
1086 3372 1189 3422 vellent.

161 3460 185 3507 8.
203 3454 337 3504 taeemeit
355 3453 430 3502 Nulla
447 3453 521 3500 animi
535 3453 633 3500 sortitu·
677 3455 756 3517 Quam
768 3453 920 3500 deindscum
934 3453 964 3498 iis
972 3451 1073 3500 Clodius
1085 3453 1189 3515 panisus

129 3533 633 3598 itm,nut1isnervis.couterprotlaoeo,
676 3542 731 3578 est:
751 3531 816 3577 unde
836 3531 913 3586 inira,
934 3554 947 3573 ·
959 3530 1067 3584 Omitto,
1089 3531 1188 3592 inquit,

128 3631 177 3680 cap.
193 3619 219 3666 5.
676 3610 864 3672 gratulationes,
895 3609 996 3673 epulas,
1031 3609 1187 3671 partitionem

158 3712 181 3757 p
192 3697 252 3743 Cum
262 3695 356 3742 tribuno
363 3693 400 3758 pl.
412 3693 440 3739 Ρ.
450 3689 548 3740 Clodio.
676 3690 753 3736 erarii
763 3711 786 3738 ι.
802 3690 832 3736 lit
844 3705 891 3753 pro
904 3691 986 3737 Domo
999 3704 1054 3746 sus,
1068 3700 1093 3736 et
1105 3690 1132 3735 in
1143 3689 1188 3737 Pi·

160 3791 197 3822 to.
223 3774 364 3823 Provincias
392 3771 544 3831 stuperent,
571 3784 633 3830 quas
676 3785 768 3816 sunem.

126 3853 281 3914 privellent.
306 3853 366 3900 Non
387 3850 494 3897 enimin
508 3847 631 3909 eolegttm
714 3862 756 3895 12.
773 3845 900 3913 Affls'ctam
914 3857 938 3892 et
952 3845 1108 3892 constrictam
1122 3860 1187 3892 rern-

127 3932 181 3980 satio
191 3932 275 3979 habita
283 3930 400 3994 sstzqoia
411 3927 529 3976 Gabinius
537 3927 632 3989 Syriam
671 3925 804 3991 publicam.
828 3925 961 3974 Consulum
979 3924 1093 3988 praesidio
1110 3923 1187 3970 nuda-

126 4011 395 4075 ampinqoameijm
404 4007 487 4057 Cilicia
495 4007 631 4054 datantes:
676 4016 736 4062 mm,
754 4005 922 4058 constrictam,
944 4013 971 4051 ut
990 4016 1144 4051 commovere
1161 4017 1188 4048 ss

126 4089 177 4136 Piso
200 4102 281 4140 autem
304 4088 444 4147 Achaiam,
464 4085 630 4144 Thessaliam,
676 4094 827 4147 nonposset.
