2656 5258
364 364 560 434 ORATIO
584 365 684 434 PRO
709 366 746 433 P.
777 365 973 433 SEXTIO.
1154 363 1198 437 25

161 485 246 559 eleni
263 486 302 557 in
328 483 423 557 lreto
450 485 496 556 ad
517 482 747 556 columnam⁶
774 484 1053 574 adhaere'sceret,
1073 487 1111 555 in
1134 489 1200 556 tri·

87 611 90 617 ·
154 595 294 669 bonatus
322 611 471 694 portum
500 594 739 692 perfugerata
771 594 1036 668 Contemnebat
1061 597 1231 692 equites·

149 729 322 791 mmanos,
335 703 571 775 minitabatur
585 706 745 791 senatui,
763 704 971 776 venditabat
986 729 1024 777 se
1041 706 1162 802 operis
1170 700 1200 794 ⁸,

146 829 245 913 atque
264 814 312 885 ab
334 815 377 885 iis
399 837 437 885 se
458 828 646 910 ereptum,
667 839 714 885 ne
733 813 778 885 de
795 814 961 886 ambitu⁹
982 837 1126 885 causam
1143 812 1200 885 di·

137 940 251 1012 ceret,
271 923 506 1022 predicabat,
529 924 575 995 ab
594 925 794 1022 iisdemque
812 951 871 1012 se,
894 928 1001 997 etiarn
1020 927 1134 996 invito
1148 949 1201 997 se-

134 1045 282 1121 natu¹⁰,
315 1034 539 1130 provinciam
575 1057 719 1131 sperare
751 1033 916 1123 dicebat;
952 1058 1104 1130 eamque
1131 1034 1202 1106 nisi

129 1141 288 1238 adeptus
307 1156 422 1229 esset,
446 1166 484 1213 se
509 1142 730 1214 incolumem
753 1143 855 1215 nullo
877 1144 988 1215 modo
1006 1142 1084 1214 lore
1104 1142 1199 1214 arbi·

128 1252 310 1324 trabatur.
332 1251 444 1339 Alter,
460 1276 484 1321 o
500 1252 549 1322 dii
567 1250 670 1322 boni!
694 1275 805 1348 quam
830 1264 962 1324 teter¹¹
990 1249 1198 1324 incedebat!

129 1386 248 1458 quam
266 1359 509 1432 truculentus!
538 1386 646 1457 quam
672 1361 841 1433 terribilis
868 1360 1057 1459 adspectu!
1083 1387 1198 1432 unum

126 1470 294 1566 aliquem
315 1484 351 1540 te
377 1494 422 1540 cx
444 1469 604 1541 barbatis
631 1470 718 1559 illis,
744 1470 952 1568 exemplum
979 1472 1118 1566 imperii
1138 1448 1222 1543 ue·x
1279 1526 1282 1532 ,

127 1581 240 1666 teris,
258 1581 450 1675 imaginem
465 1581 706 1677 antiquitatis,
721 1581 889 1651 columen
905 1579 1132 1678 reipublicae,
1147 1580 1199 1650 di·

131 1713 237 1760 ceres
263 1691 405 1760 intueri.
433 1690 591 1760 Vestitus
618 1700 785 1785 aspere¹²
808 1704 930 1760 nostra
948 1688 1016 1760 hac
1039 1711 1200 1785 purpura

131 1798 297 1897 plebeia,
314 1824 355 1870 ac
368 1822 471 1897 paeue
485 1797 602 1886 fusca3
617 1797 746 1895 capillo
760 1799 809 1869 ita
822 1798 989 1885 horrido,
1003 1811 1044 1868 ut
1057 1800 1196 1894 Capua,

130 1951 239 1999 maino
255 1961 396 2015 eor-ruptum
412 1965 485 1999 uemo
502 1964 554 1998 nou
568 1948 644 1998 ridet.
663 1968 667 1977 ·
690 1950 761 1996 sortis
777 1950 917 1998 bominibus
933 1949 1008 1996 multa
1023 1947 1201 2013 pollicebatur,

131 2029 391 2093 Turnebusvulqatam
397 2030 512 2093 exponit:
522 2028 645 2092 -quodm
689 2042 792 2090 quorum
807 2028 954 2076 factionibus
970 2037 1095 2090 acceptum
1110 2027 1198 2074 refere-

132 2109 241 2174 putealis
260 2121 285 2157 et
302 2110 355 2156 aeria
372 2109 444 2157 alieni
457 2119 532 2155 vento
543 2109 646 2167 jactatus
687 2103 745 2163 bat,
770 2104 837 2168 quod
857 2106 888 2154 de
911 2105 1004 2153 ambitu
1027 2120 1123 2152 cauum
1147 2119 1198 2152 uon

133 2204 164 2235 ae
175 2190 227 2236 fere
240 2204 336 2236 eversus
342 2210 362 2237 n.
376 2188 424 2235 Sed
433 2187 520 2234 nullibi
534 2203 563 2235 eo
575 2202 645 2234 seusu
689 2181 796 2229 diuisam.

135 2267 355 2315 ooemfitverburu
369 2266 462 2334 iustam
476 2267 587 2314 Correxit
599 2267 645 2313 Er·
724 2277 750 2324 9.
769 2262 807 2309 Ns
826 2262 857 2308 de
876 2261 966 2309 ambita
984 2275 1083 2308 causum
1101 2258 1199 2307 diceret.

135 2348 230 2394 uarius
249 2346 370 2410 juratus.
399 2346 544 2394 Gmtonius
568 2345 645 2393 labem
689 2339 728 2386 Ob
742 2340 894 2387 consulatum
914 2356 966 2388 non
983 2355 1050 2386 more
1068 2341 1199 2400 majorum,

135 2425 218 2473 multo
238 2425 310 2473 latius
335 2441 431 2473 manare
452 2425 645 2489 auspicatus,sic
688 2418 731 2466 sed
747 2419 850 2482 pecnnia
863 2420 999 2482 quesitum.

137 2503 220 2552 laeum
237 2515 316 2552 tutum
332 2505 422 2553 babet:
438 2528 451 2548 ι
461 2503 552 2569 puteali
570 2514 594 2552 et
611 2504 646 2552 fe·
727 2512 765 2544 10.
783 2498 861 2545 Invito
878 2508 974 2545 senatu.
989 2495 1106 2561 Sperabat
1119 2496 1199 2558 euim,

139 2595 275 2631 uentum
296 2585 362 2649 gregi
388 2584 529 2643 subiratus,
554 2600 569 2633 a
596 2598 646 2646 quo
688 2579 760 2625 etiarn
774 2578 795 2624 si
808 2576 958 2641 provinciam
975 2577 996 2623 ei
1012 2585 1109 2623 senatus
1127 2575 1200 2623 dene·

139 2662 293 2725 conpulsus,
304 2674 352 2711 etc.
364 2685 377 2705 ι
689 2667 768 2719 garet,
779 2657 829 2703 fore
840 2667 932 2711 tamen,
941 2666 968 2702 ut
978 2653 1200 2716 rogatioatribuuo

173 2741 199 2787 6.
219 2741 262 2788 Ad
271 2742 418 2789 columnam.
436 2741 564 2799 Maniam,
577 2741 646 2799 juxta
688 2736 722 2801 pl.
748 2734 852 2792 Clodio,
879 2733 1052 2795 adjuvantibus
1078 2733 1201 2796 corruptio

142 2833 209 2879 qm
227 2820 346 2867 triumviri
366 2821 482 2884 capitales
496 2819 646 2880 judicabant.
688 2815 840 2873 hominibus,
863 2815 1008 2878 perferretur
1030 2826 1036 2859 :
1060 2810 1133 2873 idque
1153 2811 1201 2860 albi

142 2897 176 2943 Ile
193 2914 222 2946 ea
239 2900 297 2947 vide
309 2900 380 2964 plura
397 2898 429 2947 ad
444 2899 594 2947 Cluentianae
608 2914 648 2946 ca-
689 2893 961 2941 maximeueccssarium
971 2890 1069 2939 videbat
1079 2904 1145 2937 esse:
1158 2891 1201 2955 qui

142 2988 182 3037 put
196 2968 285 3039 39.ss
300 2977 647 3043 Adboeresceret.1mpiugere-
689 2974 741 3021 siue
752 2971 889 3036 ingentibus
900 2973 991 3035 rapinis
1003 2978 1154 3018 contractum
1168 2985 1202 3017 aea

142 3065 185 3114 tur,
195 3057 286 3106 faceret
296 3058 457 3120 naufragium.
689 3052 793 3101 alienum
804 3051 934 3098 dissolvere
944 3067 994 3097 non
1009 3057 1098 3112 posset.

172 3150 197 3200 7.
215 3134 367 3200 Pefiagerat.
382 3135 500 3183 Gabinius
517 3151 591 3199 quum
604 3151 648 3198 op-
728 3147 767 3178 11.
780 3133 860 3194 Quam
871 3140 937 3176 teter.
950 3129 1005 3175 Piso
1018 3128 1080 3173 tristi
1090 3124 1204 3174 obscura·

140 3227 232 3274 μω
243 3224 305 3261 esset
320 3229 366 3262 aere
381 3213 476 3272 alieno,
489 3225 511 3261 et
526 3225 647 3275 tamquam
689 3227 736 3275 que
747 3211 820 3266 facie,
831 3208 931 3256 horrido
941 3207 1043 3270 capillo,
1053 3206 1202 3253 macritatem

123 3293 164 3338 'in
188 3294 292 3356 Seyllaeo
318 3294 382 3340 freto
407 3294 491 3340 omnia
516 3293 648 3340 devorante
689 3290 754 3336 illam
767 3300 886 3345 veterem,
900 3286 1094 3335 etconstautiam
1108 3300 1160 3347 prae
1174 3301 1199 3332 ae

140 3370 315 3434 deprelteum,
327 3389 359 3419 ne
368 3372 537 3419 faeneratorum
548 3370 648 3419 delatio·
691 3369 789 3415 ferebat.

139 3450 224 3505 uibus,
252 3468 282 3498 ac
305 3451 489 3498 triumvirorum
516 3451 647 3511 armentia,
727 3462 765 3493 ra.
784 3444 885 3492 Vestitus
896 3460 988 3508 aspere.
1003 3445 1101 3490 Vestitu
1113 3442 1201 3490 uteba·

140 3537 258 3591 tamquam
268 3528 373 3576 adverso
382 3539 457 3575 vento
467 3526 613 3583 inflatus,et
622 3528 647 3574 iu
691 3535 729 3572 tur
753 3539 850 3581 crasso,
870 3540 976 3587 purpura
993 3523 1039 3570 bac
1059 3524 1143 3570 Roma
1160 3522 1202 3569 vili

140 3607 251 3668 scopulos
263 3608 384 3670 impactus
394 3606 426 3653 ad
438 3606 575 3653 columnam
585 3607 648 3653 Mu·
689 3613 714 3650 et
729 3602 861 3650 communi.
883 3605 959 3649 Porro
974 3601 1046 3648 rubra
1061 3599 1202 3664 plerumque

140 3686 201 3732 uiam
214 3687 372 3750 deligaretur,
384 3685 467 3748 ibique
481 3684 552 3731 bouis
567 3685 649 3748 publi·
690 3693 812 3730 senatores
823 3693 848 3729 et
860 3681 953 3743 equites
964 3679 1139 3736 vestiebantnr;
1150 3680 1202 3727 vio·

141 3766 197 3811 eatis
205 3764 403 3827 faueretreliquoe
415 3764 449 3810 rei
460 3763 580 3810 familiaris
590 3780 647 3810 nau·
690 3763 753 3810 lacea
766 3763 814 3821 jam
832 3760 990 3825 apemebatur
1004 3776 1076 3822 quarn
1092 3759 1202 3806 omnium

140 3844 251 3906 fragium,
264 3843 296 3890 ad
312 3844 463 3892 tribunatum
472 3879 479 3903 ,
488 3853 607 3905 tamquam
616 3843 647 3891 ad
689 3842 879 3903 antiquissimam
900 3839 1011 3886 nonnulli
1031 3848 1131 3902 propter
1146 3853 1202 3900 ege·

141 3933 236 3983 portum
251 3923 402 3981 securitatis,
421 3922 576 3985 confugerat,
591 3938 647 3971 enm
690 3932 791 3980 statem,
809 3921 866 3967 Piso
885 3930 963 3967 autem
983 3929 1007 3966 et
1025 3919 1086 3966 Caro
1100 3928 1201 3981 propter

143 4002 302 4063 magistratum
312 4013 413 4066 peteua,
422 4017 453 4048 ue
461 4017 515 4048 reus
524 3999 600 4050 limet.
690 4000 810 4046 inimicam
827 3999 930 4046 luxurie
944 3998 1093 4045 severitatem
1110 4008 1199 4059 praetu-

176 4081 199 4126 8.
214 4081 308 4144 Operis.
326 4080 452 4144 Operariia
471 4089 543 4142 atque
561 4079 649 4128 iuliane
693 4078 781 4126 lerunt.
