2656 5258
129 833 177 905 ab
447 834 496 901 Μ.
521 833 560 900 Τ.
587 831 873 900 CICERONIS

126 959 166 1027 in
192 969 265 1052 qua
292 953 368 1049 ipse
394 966 473 1022 tum
496 952 662 1046 imaginis
686 946 902 1022 ornandae¹³
929 972 1036 1022 causa
1061 951 1103 1023 dt

126 1065 280 1135 viretum
305 1057 471 1157 gerebat,
501 1059 694 1157 Seplasiam
705 1063 735 1112 ¹⁴
764 1057 972 1130 sublaturus
996 1060 1103 1132 vider·

127 1176 219 1246 Nam
235 1160 324 1268 quid
344 1194 411 1266 ego
429 1169 476 1241 de
495 1170 689 1268 supercilio
702 1170 842 1242 dicam?
860 1170 960 1267 quod
982 1173 1103 1243 tumh

129 1280 238 1353 nibus
260 1305 336 1353 non
355 1281 608 1378 supercilium,
632 1280 697 1353 sed
717 1284 849 1378 pignus
866 1279 1097 1378 reipublicae¹

130 1390 294 1464 debatur.
304 1394 415 1462 Tanta
427 1407 504 1462 erat
516 1391 667 1487 gravitas
683 1391 721 1461 in
734 1389 862 1475 oculo,
880 1403 979 1461 tauta
993 1406 1103 1462 contr

129 1497 286 1587 bootis,
319 1513 362 1570 ut
401 1499 464 1571 illo
501 1499 693 1598 supercilio
734 1498 964 1597 respublica,
1007 1514 1103 1597 tamq

130 1610 273 1682 Atlante
289 1610 436 1698 celum,
457 1611 523 1681 niti
540 1608 733 1681 videretur.
752 1613 838 1680 Erat
858 1608 1016 1705 denique
1038 1610 1098 1680 hic

129 1721 231 1792 nium
250 1744 393 1792 sermo:
411 1725 473 1792 Est
489 1735 610 1793 tamen
627 1719 833 1818 reipublicae
850 1743 1021 1816 magnum
1038 1717 1103 1789 firn

129 1853 202 1926 que
217 1827 437 1918 subsidium3
458 1830 577 1903 habeo
595 1854 705 1927 quem
722 1853 905 1927 opponam
924 1828 997 1900 labi
1013 1828 1068 1899 illi
1085 1855 1103 1900 a

128 1961 254 2028 coen03
282 1938 405 2027 vultu,
433 1937 722 2027 mediusfidius,
753 1939 897 2036 collegae
922 1941 977 2009 sui
1003 1936 1103 2009 libidi

129 2047 384 2146 levitatemque
412 2045 574 2145 franget3
602 2048 750 2121 habebit
770 2063 934 2135 senatus,
953 2049 991 2118 in
1012 2046 1103 2118 bunt

128 2182 221 2229 num
236 2182 347 2253 quem
360 2171 550 2252 sequatur3
568 2182 643 2228 non
663 2158 778 2231 deerit
791 2172 919 2229 auctor
932 2170 968 2228 et
983 2156 1060 2227 dux
1075 2156 1103 2227 b

128 2266 219 2338 Mihi
237 2264 393 2362 denique
411 2266 576 2339 homines
592 2270 772 2366 praecipue
791 2267 1075 2365 gratulabantur,
1093 2293 1103 2338 t

129 2374 319 2446 habiturus
341 2400 453 2447 essem
474 2392 600 2448 contra
620 2377 806 2448 tribunum
825 2376 941 2473 plebis
959 2374 1101 2447 furiosu

129 2482 324 2571 audacem,
340 2509 455 2583 quum
470 2488 623 2557 amicum
639 2503 676 2558 et
688 2485 834 2557 affinem
844 2483 887 2574 ¹⁶,
905 2499 984 2556 tum
999 2489 1103 2556 etiam

130 2608 203 2665 tem
223 2606 259 2665 et
276 2619 416 2691 gravem
437 2596 632 2667 consulem.

179 2708 240 2775 tx.
259 2708 378 2801 Atque
395 2729 520 2775 eorum
539 2705 634 2789 alter,
644 2702 769 2776 fefellit
783 2707 977 2776 neminem.
991 2703 1081 2794 Quis
1095 2730 1103 2772 t

126 2813 272 2911 ‘clarum
300 2817 391 2885 tanti
418 2817 560 2914 imperii
581 2831 725 2902 tenere,
746 2828 783 2885 et
806 2813 1048 2914 gubernacula
1068 2837 1103 2883 re

127 2921 231 2994 hticae
261 2938 410 2997 tractare
439 2930 477 2997 in
505 2928 661 2997 maximo
689 2949 796 2997 cursu
824 2950 865 2997 ac
893 2922 1103 3019 fluctibusf

129 3029 364 3106 arbitraretur
389 3034 574 3107 hominem
600 3059 778 3107 emersum
801 3035 922 3106 subito
945 3059 989 3104 ex
1010 3032 1103 3101 diun

131 3141 289 3215 tenebris
317 3144 515 3217 lustrorum
542 3171 583 3218 ac
605 3145 840 3243 stuprorum?
860 3147 964 3230 vino,
986 3143 1103 3240 ganeis

129 3254 304 3339 nociniis,
332 3252 588 3352 adulteriisque
615 3252 845 3329 confectum?
868 3277 984 3350 quum
1008 3255 1039 3323 is
1064 3276 1103 3348 pr

129 3380 231 3461 spem
246 3364 284 3431 in
303 3362 473 3435 altissimo
491 3364 604 3462 gradu
620 3364 743 3436 alienis
759 3361 913 3462 opibus¹
933 3363 1070 3459 positus
1087 3387 1103 3432 e

130 3474 194 3571 qui
223 3499 301 3548 non
334 3474 444 3549 modo
476 3490 723 3574 tempestatem
756 3473 1025 3574 impendentem
1059 3474 1103 3542 in*

169 3752 211 3823 ιδ’.
226 3750 342 3816 lanuginis
354 3750 480 3800 amanda.
493 3752 528 3799 Ut
539 3743 639 3814 imagini
681 3751 778 3811 Pisoni,
788 3751 864 3810 cuiae
876 3751 1039 3807 commiserat,
1049 3766 1103 3814 sapt

130 3846 181 3879 aue
205 3831 310 3890 bonam
334 3831 395 3892 gesti
416 3830 638 3889 subscriberentur3
682 3840 803 3892 tamquam
811 3830 932 3893 pignore,
946 3828 1103 3888 confidere,o

129 3908 275 3974 quotitidie
296 3907 407 3971 pluribus
423 3910 552 3972 imaginem
572 3925 639 3957 naam
682 3924 729 3972 que
737 3923 832 3971 sperare
842 3907 978 3956 videbatur.

129 3999 227 4037 ornaret
238 3997 264 4035 et
274 3997 390 4034 oneraret.
721 3988 760 4036 ιδ.
776 3988 893 4054 Affiaem.
907 3987 947 4035 0b
955 3988 1060 4036 Tulliam
1071 3990 1101 4039 C.

164 4077 206 4124 aa.
219 4064 361 4130 Seplasiam.
377 4063 448 4113 Adeo
462 4064 494 4112 ab
506 4067 637 4129 nageemte
680 4069 699 4115 F
700 4067 765 4130 augi,
775 4069 802 4116 t.
812 4068 906 4116 l’ieouia
914 4069 1069 4132 propinquo,
1077 4070 1103 4116 in

128 4147 273 4197 abhorrebat
286 4147 357 4203 l’iao,
371 4155 399 4192 nt
415 4160 448 4192 ex
465 4144 524 4193 urbe
543 4147 635 4210 Capua,
680 4147 790 4195 nonium
803 4147 956 4197 collocatam.

129 4230 198 4290 caiae
217 4226 330 4275 damvia-
349 4234 416 4280 erat,
432 4222 577 4287 Seplasiam,
594 4227 638 4290 qni
715 4228 761 4275 tx.
788 4241 811 4275 a.
836 4224 928 4274 Alienis
951 4225 1041 4287 opibus.
1064 4227 1103 4273 Por

128 4311 197 4358 viena
221 4306 249 4354 in
271 4303 331 4352 urbe
353 4303 437 4352 eadem
459 4316 638 4368 cumrerum
680 4304 1099 4370 liagnuaAAEabiuiumquemhio

128 4387 272 4436 venditione
294 4381 477 4441 celebrabatur,
500 4381 638 4434 &laturae
681 4383 813 4448 eigniiicat,
832 4401 912 4448 neqam
931 4400 973 4432 sua
992 4386 1099 4442 virtute,

22 4508 24 4516 ·
129 4471 258 4521 videretur.
679 4466 797 4524 majoram
819 4464 1029 4514 commendatione
1056 4465 1102 4512 inei

165 4553 205 4602 1⁵.
224 4548 313 4615 Pignus
327 4543 469 4609 oepaebiicae.
488 4545 635 4610 Respublica
679 4545 728 4594 auia
737 4545 826 4610 opibus
839 4544 869 4592 ad
883 4543 1034 4594 consulatum
1048 4559 1103 4607 prot
