2656 5258
136 860 185 948 tss
458 860 507 928 u.
533 860 571 926 r.
601 859 886 929 mcunorus

136 982 399 1082 rempublicam
429 995 554 1052 tenere
583 1004 785 1078 possemus.
813 982 936 1073 Quid?
965 984 996 1053 si
1025 987 1063 1054 in
1096 988 1218 1084 prima

136 1095 390 1177 contentione,
405 1092 440 1160 vi
455 1089 645 1160 tribunitia
659 1095 795 1177 rictus,
815 1093 852 1160 in
869 1090 968 1179 loro,
986 1114 1071 1163 curn
1087 1097 1217 1168 multis

134 1202 243 1274 bonis
267 1203 352 1271 viris
377 1199 636 1285 concidissem,
664 1215 828 1271 senatum
860 1202 1048 1292 consules,
1074 1205 1208 1296 credo,

136 1323 344 1400 vocassent,
363 1333 474 1406 quem
492 1323 610 1380 totum
631 1307 835 1382 decivitate
853 1310 1035 1399 delerant3
1056 1314 1102 1385 ad
1116 1340 1212 1388 mma

136 1427 392 1507 vocassentu,
407 1421 471 1516 qui
493 1442 540 1489 ne
562 1421 695 1489 vestitu
714 1419 862 1515 quidem
886 1419 1034 1492 delendi
1062 1446 1210 1522 rempu-

133 1529 266 1602 blicam
284 1530 434 1616 sissent3
450 1551 471 1599 a
486 1526 638 1598 tribuno
653 1527 771 1625 plebis
785 1544 869 1626 post
884 1531 1076 1602 interitum
1092 1556 1210 1605 meum

135 1637 377 1725 dissidissent,
395 1641 460 1735 qui
479 1637 644 1707 eamdem
666 1636 793 1708 horam
813 1663 901 1711 meae
917 1645 1047 1738 pestis,
1070 1657 1110 1712 et
1127 1667 1210 1716 suo-

135 1772 217 1820 rum
236 1750 469 1846 premiorum
488 1770 565 1819 esse
584 1747 795 1818 voluissent.

184 1864 262 1930 XX.
280 1862 404 1929 Unum
413 1861 519 1929 enim
537 1857 625 1927 mihi
640 1855 799 1927 restabat
816 1855 925 1945 illud,
942 1857 1045 1955 quod
1061 1857 1210 1932 forsitan

133 1993 211 2041 non
228 1992 339 2040 nemo
356 1969 411 2038 vir
425 1966 546 2052 fortis,
566 1981 603 2038 et
618 1968 709 2038 acris
722 1969 834 2037 animi
848 1970 1044 2066 magnique
1059 1968 1210 2042 dixerit:

84 2144 86 2149 ,
127 2080 344 2166 restitisses,
363 2100 624 2177 repugnasses,
644 2093 799 2148 mortem
818 2101 984 2175 pugnans
1001 2081 1213 2176 oppetisscs

135 2193 192 2261 De
210 2213 286 2285 quo
307 2202 361 2274 te,
386 2202 443 2274 te,
468 2191 639 2282 inquam,
665 2189 800 2284 patria,
826 2201 958 2273 testor,
979 2203 1016 2259 et
1034 2212 1126 2276 ros,
1149 2214 1213 2288 pe·

133 2315 257 2387 nates,
286 2295 559 2395 patriiquedii,
582 2320 641 2368 me
662 2312 863 2369 vestrarum
881 2296 1031 2369 sedum¹
1052 2299 1215 2398 templo·

135 2433 293 2507 rumque
312 2432 437 2493 causa,
456 2432 515 2478 me
537 2422 688 2505 propter
704 2408 856 2479 salutem
873 2431 1041 2479 meorum
1060 2411 1215 2495 civium,

134 2544 215 2616 quae
233 2519 323 2589 mihi
343 2543 489 2617 semper
507 2517 576 2589 suit
594 2541 676 2589 mea
694 2521 811 2590 carior
827 2521 921 2606 vita,
939 2517 1214 2592 dimicationem

133 2629 343 2726 caedemque
371 2627 516 2726 fugisse.
545 2630 712 2714 Etenim,
737 2629 768 2697 si
789 2627 899 2697 mihi²
919 2629 956 2697 in
974 2627 1096 2724 aliqua
1119 2653 1214 2701 nave

134 2762 219 2810 cum
239 2741 330 2809 meis
349 2739 472 2809 amicis
495 2739 699 2836 naviganti,
721 2737 811 2825 hoc,
826 2736 986 2834 judiees,
1005 2737 1214 2826 accidisset,

134 2863 177 2920 ut
194 2847 299 2918 multi
318 2871 363 2916 ex
386 2848 510 2919 multis
529 2847 617 2919 locis
643 2847 831 2946 praedcnes
853 2846 1026 2919 classibus
1045 2873 1124 2919 eam
1146 2874 1214 2920 na·

132 2982 215 3029 rem
236 2979 275 3027 se
292 2980 532 3054 oppressuros
551 2959 819 3044 minitarentur,
838 2958 983 3029 nisime
1003 2978 1121 3028 unum
1141 2954 1213 3029 sibi

135 3065 377 3153 dedidissent;
395 3067 424 3137 si
440 3066 477 3137 id
494 3083 657 3139 vectores
676 3081 868 3163 negarent,
885 3090 927 3136 ac
940 3087 1083 3136 mecum
1101 3062 1213 3137 simul

134 3177 301 3263 interire,
317 3198 428 3273 quam
441 3201 500 3248 me
514 3176 656 3249 tradere
670 3177 836 3249 hostibus
851 3174 1020 3264 mallent3
1042 3176 1213 3269 jecissem

135 3311 193 3358 me
218 3289 294 3384 ipse
317 3289 439 3383 potius
466 3289 504 3358 in
526 3285 770 3386 profundum,
794 3301 834 3357 ut
855 3301 995 3357 ceteros
1016 3278 1214 3358 conserva·

134 3421 235 3483 rem,
264 3419 372 3492 quam
405 3397 486 3467 illos
517 3400 587 3468 mei
614 3412 687 3467 tam
716 3395 889 3494 cupidos,
920 3419 997 3464 non
1027 3394 1139 3466 modo
1165 3397 1214 3467 ad

136 3521 272 3579 certam
291 3519 468 3593 mortem,
489 3505 552 3577 sed
576 3507 614 3576 in
637 3531 810 3604 magnum
836 3505 914 3575 vitae
934 3503 1127 3576 discrimen
1146 3505 1213 3602 ad-

134 3615 315 3688 ducerem.
345 3617 471 3705 Quum
497 3640 583 3686 vero
612 3617 648 3685 in
679 3614 775 3685 hanc
802 3610 1033 3711 reipublicae³
1061 3637 1213 3702 navem,

134 3794 283 3861 respublica,
297 3797 403 3858 pessino
420 3796 533 3862 exemplo
546 3799 573 3844 in
586 3797 647 3844 cirl-
694 3810 787 3843 navem.
801 3795 856 3842 Nisi
868 3805 924 3842 anto
936 3796 986 3855 jam
1003 3794 1111 3842 donare
1125 3799 1214 3862 tricini·¹

135 3884 211 3924 tatem
223 3873 335 3922 inducto.
693 3876 781 3931 nisset,
797 3873 864 3922 haud
882 3874 940 3922 satis
958 3873 1094 3922 verecunda
1110 3877 1212 3926 tutatio

174 3968 214 4001 rt.
236 3951 281 4000 Aa
300 3967 372 4000 anna
391 3965 529 4000 uocassent.
553 3954 595 4003 Al.
614 3953 651 4000 ad
693 3953 817 4001 rideretur
830 3967 837 4000 τ
851 3968 903 4000 non
921 3953 987 4000 enim
998 3965 1099 4018 repente
1114 3966 1140 4004 et
1153 3973 1213 4006 cnm

136 4028 422 4080 amnemamnem.
435 4033 463 4078 L.
693 4034 787 4098 impetn
805 4033 932 4097 irrumpit,
954 4034 997 4082 ted
1016 4035 1166 4099 pedetentim
1186 4053 1213 4088 ct

172 4110 231 4159 XX.
255 4124 277 4156 r.
300 4111 340 4157 Sic
359 4109 477 4156 Priscian.
496 4107 537 4155 AL
557 4109 650 4158 malum
693 4112 789 4177 placide
801 4114 973 4160 incentionem
987 4113 1213 4178 ingrediturmeta.

134 4189 237 4238 sedium.
248 4190 332 4235 Recte.
693 4190 786 4255 phora,
796 4193 930 4255 praesertim
941 4192 985 4240 ubl
994 4193 1077 4256 paullo
1089 4194 1214 4246 illustrior

173 4283 197 4316 a.
207 4264 234 4315 δι’
243 4265 310 4314 milti.
327 4263 491 4313 Pulcherrima
502 4264 529 4313 h.
543 4264 559 4312 l.
572 4267 650 4331 expli·
693 4279 742 4328 ert,
756 4285 802 4318 nec
816 4287 881 4330 uno,
895 4281 938 4318 ant
947 4272 1025 4320 altero
1037 4273 1113 4321 verbo
1127 4280 1213 4325 termi-

136 4343 358 4402 catnrsimilitndc,
368 4353 495 4392 etanmma
507 4346 649 4394 recitationi
692 4361 785 4397 natur:
804 4366 878 4414 quare
894 4366 945 4399 non
962 4350 1124 4401 offenduntur
1137 4359 1214 4406 novi·

135 4425 166 4473 ad
179 4424 283 4473 verbnm
295 4440 352 4471 cnm
365 4423 490 4471 Ciceronis
505 4424 647 4473 conditione
692 4437 741 4475 tate
754 4443 823 4476 aures
834 4441 940 4486 nostra,
954 4446 1030 4494 quum
1044 4431 1071 4478 in
1084 4431 1149 4481 hanc
1163 4437 1213 4484 rei-

135 4505 257 4569 eongmit.
286 4520 289 4525 ·
691 4505 796 4570 publicu
813 4524 899 4556 narem
919 4510 1044 4559 andiunt:
1063 4511 1125 4559 nihil
1144 4516 1211 4563 enim

170 4585 198 4633 3.
216 4584 296 4647 Quum
311 4596 373 4629 uero
388 4580 414 4628 in
430 4580 496 4629 lonc
510 4581 647 4646 mpnhticae
691 4584 725 4632 ad
733 4585 787 4633 illas
796 4588 885 4636 accidit
894 4589 1012 4639 insolens.
