2656 5258
158 415 997 448 mmmmmmmmmmsummmmmmuuo
1003 429 1058 449 om
1061 430 1150 451 mnu

320 637 912 746 ARGUMENTUM.

145 883 259 941 fflionem
271 884 342 942 banc
355 881 449 953 idem,
461 882 512 959 qui
522 883 705 941 Plancianum
718 895 749 941 et
761 884 968 960 Miloniauam,
981 889 1049 949 fecit
1057 907 1154 970 gratus

168 998 189 1036 ac
201 1000 286 1038 memor
301 979 449 1037 redeuntis
463 977 500 1036 ab
512 979 615 1036 exsilio
627 979 774 1037 Ciceronis
790 983 910 1042 animus.
925 987 1053 1060 Sextius,
1066 1009 1156 1066 quum

167 1078 248 1135 lletello
260 1090 287 1135 et
297 1077 421 1135 Lentulo
433 1074 600 1133 consulibus
616 1075 749 1134 tribunus
761 1078 854 1155 plebis
866 1094 954 1152 esset,
967 1102 1082 1143 omnem
1096 1088 1155 1144 vim

166 1173 287 1232 tribunatus
296 1174 340 1232 sui
354 1173 391 1231 ad
407 1172 437 1230 id
449 1173 594 1250 precipue
608 1176 746 1246 contulit,
760 1188 792 1233 nt
807 1177 975 1237 Ciceronem
991 1183 1067 1240 malo
1082 1185 1153 1241 Clo-

164 1267 191 1325 dii
198 1272 285 1328 scelere
298 1271 477 1327 exsulantem
494 1270 593 1346 patriae
611 1268 786 1327 restitueret.
801 1277 843 1329 Ac
858 1275 954 1350 primo
967 1278 1063 1336 statim
1078 1291 1154 1338 tem-

163 1385 210 1442 pore
221 1384 363 1446 postquam
379 1369 470 1425 luerat
481 1366 660 1444 designatus,
669 1369 725 1426 iter
739 1367 775 1425 ad
790 1373 823 1427 C.
831 1374 972 1431 Caesarem
982 1395 1038 1452 pro
1049 1381 1154 1436 surunri

162 1462 198 1519 riri
208 1465 284 1522 salute
297 1464 439 1542 suscepit,
455 1463 484 1520 in
500 1482 559 1540 quo
576 1483 751 1540 quamquam
767 1463 839 1522 nibil
854 1468 992 1544 profecit,
1007 1492 1066 1530 noo
1083 1473 1149 1531 ideo

161 1556 296 1629 deterritus,
311 1581 377 1618 cum
392 1560 503 1618 Milone
521 1559 679 1635 praesertim
700 1578 733 1617 uc
754 1564 790 1634 Q.
813 1560 948 1620 Fabricio
971 1565 1093 1625 tribunis
1111 1573 1152 1646 pl.

160 1655 289 1715 socieutem
304 1657 341 1714 de
356 1654 521 1714 revocando
535 1655 676 1713 Cicerone
693 1655 766 1714 iniit.
780 1661 893 1716 Octavo
905 1671 1001 1719 autem
1015 1663 1152 1724 kalendas

161 1749 298 1824 februarias,
321 1773 411 1829 quum
434 1751 470 1809 dc
494 1752 635 1809 Cicerone
658 1764 724 1809 ante
744 1754 887 1830 populum
909 1756 1013 1834 agendi
1039 1770 1153 1838 tempus

159 1850 264 1921 ruisset,
280 1863 309 1907 et
327 1855 363 1922 Q.
378 1848 529 1907 Fabricius
543 1848 722 1925 rogationem
743 1862 819 1909 esset
839 1851 960 1923 laturus,
982 1853 1106 1932 impetus
1124 1857 1154 1915 in

156 1963 202 2002 eun
212 1948 238 2004 fit
248 1960 437 2017 armatorum3
455 1946 529 2002 alter
543 1943 676 2019 tribuous
688 1948 730 2003 Μ.
743 1945 858 2023 Cispius
872 1945 1040 2024 depellitur,
1057 1952 1150 2012 cades

156 2043 248 2100 uulua
263 2044 292 2099 in
308 2042 374 2100 soro
385 2061 403 2098 a
414 2040 562 2100 Clodianis
577 2036 786 2119 gladiatoribus
800 2061 834 2100 ac
847 2046 1032 2103 mercenariis
1045 2047 1151 2107 editur.

155 2138 175 2192 P.
186 2141 283 2195 Sextius
303 2139 414 2196 interea
430 2157 518 2214 quum
533 2137 653 2195 Metello
675 2138 786 2195 consuli
801 2150 830 2195 et
846 2150 913 2197 tuuc
931 2142 1072 2219 temporis
1091 2165 1151 2203 non

154 2236 242 2293 omuino
256 2235 401 2294 Ciceronis
418 2235 511 2291 amico
527 2232 729 2309 obnuntiaret,
747 2234 865 2293 inermis
885 2248 972 2314 atque
993 2237 1151 2318 imparatus

151 2328 225 2403 gladiis
235 2347 262 2390 et
280 2331 403 2390 fustibus
416 2330 598 2399 vulneratur,
614 2350 647 2387 ac
664 2350 720 2408 pro
734 2345 850 2408 mortuo
864 2333 1046 2410 relinquitur.
1058 2337 1148 2408 Quod

151 2441 221 2486 autem
230 2431 361 2488 Metellus
372 2429 472 2487 consul
485 2448 550 2486 cum
563 2428 672 2506 populo
686 2429 807 2506 agebat,
822 2444 962 2505 qrrurrtum
974 2450 1010 2489 ex
1025 2435 1150 2493 oratoris

150 2522 238 2584 silentio
248 2526 381 2603 judicare
398 2525 482 2593 licet,
497 2524 608 2601 rogatio
629 2538 691 2582 erat
711 2524 808 2600 aliqua
825 2526 972 2584 Ciceronis
992 2529 1077 2587 saluti
1096 2529 1149 2588 ad-

150 2636 229 2692 versa,
251 2641 338 2698 quam
353 2621 465 2677 Tullius
482 2617 518 2676 de
539 2619 682 2676 industria
713 2620 829 2690 tacuit‚.
851 2639 919 2679 sanc
940 2622 1075 2683 omuibus
1093 2646 1149 2682 no-

148 2727 189 2772 um
200 2762 206 2786 ,
219 2739 251 2775 ne
267 2719 296 2774 in
311 2715 439 2792 ejusdem
453 2714 711 2772 commemorandis
729 2716 842 2791 injuriis
863 2717 966 2775 creber
985 2733 1060 2777 esset
1081 2741 1148 2779 cnm

145 2829 188 2887 quo
199 2816 225 2870 in
235 2815 356 2890 gratiam
372 2812 504 2870 redierat.
524 2816 659 2870 Ceterum
673 2831 740 2868 mox
759 2811 847 2871 aedilis
863 2813 981 2872 Clodius
995 2835 1084 2891 quum
1097 2837 1147 2875 eos

142 2927 199 2983 quos
214 2912 288 2967 lerro
304 2929 363 2966 non
376 2920 527 2986 potuerat,
540 2907 657 2985 judiciis
672 2907 806 2986 jugulare
825 2922 983 2985 quaereret,
1008 2913 1147 2971 Milonem

140 3005 187 3081 ipse
199 3007 355 3075 accusavit3
369 3011 401 3063 P.
412 3019 506 3063 autem
523 3005 611 3063 Sentii
621 3024 725 3062 nomen
739 3008 781 3062 M.
796 3006 891 3063 Tullio
905 3004 1087 3066 Albinovano
1099 3009 1147 3067 dc-

138 3103 270 3161 lereodum
285 3102 444 3173 commisit,
462 3101 512 3179 qui
536 3122 602 3159 eum
622 3102 685 3178 lege
710 3103 824 3160 Lutetia
840 3101 877 3159 de
902 3102 932 3159 vi
953 3116 1074 3181 propter
1089 3125 1147 3163 cae·

134 3199 206 3270 dem,
229 3220 305 3257 anno
324 3200 473 3277 superiore
488 3219 547 3255 vm
562 3197 674 3256 kalend.
695 3195 766 3254 lebr.
781 3199 812 3254 iu
834 3197 898 3254 loro
919 3198 1042 3268 lactem,
1066 3201 1146 3279 apud

133 3303 167 3355 lt.
179 3301 322 3356 AEmilium
336 3303 475 3357 Scaurum
490 3309 644 3375 pretorem
658 3316 724 3353 ann.
742 3294 815 3354 Urb.
833 3296 889 3372 697
906 3298 1071 3374 postulavit
1085 3305 1147 3359 Lex

131 3409 216 3453 autem
230 3396 360 3465 Lutatio,
375 3394 412 3451 de
431 3414 488 3470 qua
509 3393 592 3470 plura
611 3393 641 3451 in
662 3397 772 3469 Legum
794 3391 894 3451 Indice
914 3393 1062 3471 dicentur,
1088 3397 1146 3455 lata

130 3508 184 3550 erat
197 3514 260 3549 ano.
274 3489 346 3550 Urb.
361 3490 433 3564 675,
450 3496 485 3561 Q.
498 3490 614 3547 Lutatio
625 3490 727 3546 Catulo
737 3502 766 3546 et
777 3494 819 3548 Μ.
831 3491 948 3548 AEmilio
960 3511 1033 3550 coss.
1044 3512 1146 3552 sanxe-

130 3604 239 3666 ratqne‚
255 3600 288 3646 ut
304 3588 382 3645 sestis
397 3605 514 3663 qnoque
530 3584 648 3652 diebus,
662 3584 795 3662 ludisque
810 3585 916 3663 quibus
928 3587 1039 3664 judicia
1053 3588 1145 3647 inter-

127 3687 194 3743 mitti
206 3685 354 3752 solebant,
369 3684 405 3740 de
422 3683 450 3739 vi
466 3683 555 3759 quaeri
571 3693 674 3759 posset.

160 3785 257 3841 Sestio
279 3780 490 3860 praeclarissimi
509 3779 565 3837 viri
587 3792 647 3836 turn
668 3779 798 3855 patroni,
821 3793 881 3838 tum
897 3781 1028 3838 advocati
1042 3780 1146 3841 adluc-

127 3894 204 3950 mut,
225 3881 256 3936 in
272 3878 375 3957 primis
388 3889 484 3933 autem
500 3895 614 3932 causam
630 3873 691 3951 ejus
706 3893 857 3953 suscepere
877 3880 911 3947 Q.
927 3878 1097 3936 Hortensius
1112 3899 1145 3938 ac

126 3977 233 4034 Cicero.
251 3982 290 4034 At
305 3975 389 4054 prior
408 3970 525 4048 quidem
546 3970 619 4028 dixit
635 3970 820 4041 Hortensius,
839 3971 977 4048 lactisque
994 3972 1077 4032 facile
1093 3974 1147 4031 de·

123 4073 304 4142 monstrarit,
318 4070 435 4131 nullum
451 4067 481 4127 iu
498 4086 579 4128 reum
598 4064 691 4127 scelus
712 4064 833 4143 eaderc3
859 4069 1004 4146 posterior
1019 4089 1089 4128 vero
1103 4071 1148 4129 iu·

972 4188 1001 4234 1.
