2656 5258
359 316 556 426 onnrro
582 360 681 427 ruo
707 361 743 426 r.
772 359 970 428 snxrro.
1004 426 1007 436 ,
1155 387 1194 430 21

154 476 275 575 quando
305 474 353 547 ad
381 476 459 548 haec
487 481 659 575 propiora
688 483 842 551 veniam.
872 482 1103 576 Quamquam
1126 508 1201 554 non

153 600 190 656 ast
212 584 415 657 omittenda
439 587 629 683 singularis
653 589 714 665 illa
741 592 927 686 integritas
951 591 1201 687 provincialis,

153 698 232 792 urjus
256 720 328 793 ego
358 705 517 794 nuper¹¹
549 701 588 768 in
614 698 825 771 Macedonia
849 698 922 769 vidi
952 700 1098 795 vestigia
1125 724 1201 770 non

151 829 253 902 pressa
270 806 402 909 leviter
418 806 465 877 ad
482 807 602 902 exigui
620 808 908 905 praedicationem
924 812 1116 904 temporis,
1137 809 1200 882 sed

150 910 202 984 sna
217 912 264 984 ad
283 918 500 991 memoriam
519 915 614 991 iliius
635 919 828 1015 provinciae
845 920 1111 1014 sempiternam.
1129 923 1200 991 Ve-

148 1046 212 1093 rum
229 1023 309 1096 haec
325 1026 378 1098 ita
396 1040 669 1122 praetereamus,
692 1042 732 1099 ut
749 1042 869 1101 tamen
887 1029 1070 1099 intuentes
1090 1045 1126 1100 et
1142 1055 1200 1102 re·

148 1148 336 1229 spectantes
356 1134 619 1231 relinquamus

180 1246 238 1313 vl.
256 1243 315 1316 Ad
332 1243 580 1331 tribunatum,
602 1248 686 1341 quia
708 1245 784 1343 ipse
803 1244 849 1317 ad
871 1270 946 1319 sese
966 1244 1199 1342 jamdudum

147 1367 254 1439 iuuat,
276 1367 316 1425 et
341 1352 612 1450 quodammodo
634 1354 806 1432 absorbet
833 1358 1033 1426 orationem
1060 1381 1198 1446 meam,

146 1476 307 1534 mutentu
328 1461 453 1535 studio
472 1488 655 1560 cursuque
673 1468 870 1537 veniamus.
888 1467 942 1536 De
961 1488 1035 1559 quo
1050 1463 1197 1559 quidem

144 1570 320 1644 tribunatu
344 1576 393 1644 ita
418 1573 556 1644 dictum
580 1599 601 1645 a
619 1577 663 1664 Q.
688 1575 903 1661 Hortensio,
922 1588 963 1644 ut
984 1575 1062 1669 ejus
1082 1580 1198 1646 oratio

144 1705 205 1752 nun
232 1680 484 1755 defensionem
514 1683 624 1754 modo
653 1686 844 1755 criminum
871 1682 1055 1755 videretur
1081 1684 1197 1753 conti·

140 1815 234 1878 nere,
256 1791 323 1864 sed
346 1796 455 1863 etiam
482 1794 654 1864 memoria
672 1793 779 1890 digna
798 1808 912 1880 esset,
938 1795 990 1863 uti
1018 1806 1054 1862 et
1069 1794 1196 1889 ,reipu-

136 1897 233 1973 blicae
240 1903 469 2001 unpessendae
482 1905 750 1977 auctoritatem¹
768 1902 1091 2000 disciplinamque²
1104 1926 1195 1999 prae·

136 2011 317 2085 scriberet.
347 2013 415 2085 Sed
447 2029 585 2099 tamen,
615 2016 787 2112 quoniam
813 2013 1017 2085 tribunatus
1045 2013 1192 2110 quidem

134 2135 228 2192 totus
251 2126 291 2192 P.
310 2125 422 2193 Sextii
441 2123 530 2194 nihil
549 2124 665 2210 alind,
689 2125 757 2194 nisi
777 2148 898 2195 meum
925 2118 1085 2193 nomen³
1110 2147 1193 2193 cau·

132 2253 279 2327 samque
305 2235 494 2318 sustinuit,
518 2235 717 2305 necessario
745 2233 834 2303 mihi
863 2236 908 2304 de
933 2231 1057 2303 iisdem
1083 2231 1195 2305 rebus

132 2364 207 2412 esse
220 2339 389 2422 arbitror.
403 2343 519 2415 sinon
536 2342 702 2415 subtilius
719 2341 976 2440 disputandum
987 2339 1015 2428 4,
1029 2354 1194 2425 atcerte,

130 2449 286 2543 judices,
305 2450 490 2522 dolentius
512 2450 786 2549 deplorandum.
810 2451 890 2539 Qua
916 2452 952 2520 in
977 2451 1140 2520 oratione
1162 2451 1193 2521 si

132 2564 291 2657 asperius
315 2562 352 2632 in
379 2560 556 2658 quosdam
586 2561 752 2631 homines
781 2560 903 2630 invehi
933 2558 1082 2646 vellem,
1109 2562 1191 2656 quis

132 2693 205 2738 non
221 2668 459 2756 concederet,¹
474 2684 515 2740 ut
530 2695 592 2740 eos
603 2666 629 2757 ⁵,
647 2694 803 2766 quorum
820 2668 961 2738 sceleris
975 2667 1098 2739 furore
1116 2671 1190 2738 vio·

131 2775 219 2848 latus
244 2802 381 2865 essem,
408 2780 505 2850 vocis
536 2778 699 2850 libertate
728 2778 1030 2877 perstringerem?
1058 2779 1125 2850 Sed
1150 2794 1190 2850 ut

130 3010 233 3058 tturfuit
239 3011 345 3059 Antonii
355 3011 474 3065 cumulis,
483 3012 638 3076 ejusdemque
718 3029 743 3060 n.
765 3011 979 3075 Disciplinamque.
996 3009 1064 3072 Quid
1079 3011 1143 3057 cirea
1163 3012 1191 3057 P.

129 3089 297 3137 leueduniam
306 3091 474 3154 procunsulari
487 3091 589 3155 imperio
600 3106 637 3137 re·
680 3091 755 3139 Sextii
767 3091 879 3155 exemplo
889 3090 1023 3150 discerent,
1035 3098 1059 3135 et
1072 3087 1156 3152 inquo
1166 3106 1192 3138 ee

129 3169 219 3228 gentis:
233 3185 309 3234 quam
322 3170 470 3234 provinciam
484 3187 557 3233 quum
570 3168 636 3216 haud
680 3179 824 3218 extruerent.

128 3247 554 3304 ntinbetinenteredminiatraeaet,
567 3264 636 3296 eruu-
715 3250 740 3295 3.
762 3248 818 3296 Nisi
834 3263 911 3295 rneum
931 3263 1026 3294 numen.
1047 3249 1110 3309 Quia
1128 3248 1190 3295 nihii

127 3335 200 3384 ntur,
209 3337 233 3373 et
243 3326 420 3374 condemnetur
426 3338 477 3376 eet:
488 3327 519 3374 ed
527 3331 581 3376 Att.
593 3326 636 3373 lib.
679 3328 729 3391 egit
741 3329 767 3375 in
779 3328 905 3376 tribunatu
918 3329 1028 3385 Sextius,
1043 3327 1089 3374 nisi
1105 3327 1135 3374 de
1150 3328 1192 3375 Ci-

127 3404 151 3463 1,
159 3420 206 3468 pru
216 3405 353 3465 tuentio,
361 3407 386 3453 in
393 3405 533 3464 Vatinium,
544 3406 636 3452 Florus.
680 3424 739 3455 rone
749 3405 895 3455 reruuando.

161 3500 200 3531 rr.
226 3486 319 3550 Nuper.
346 3487 430 3548 Quum
454 3484 560 3532 ebeaeem
583 3484 636 3548 lege
717 3484 1191 3548 4.Subtiir'usdirputendum.Nunquod

126 3562 209 3613 Clodia
219 3563 318 3627 pulsus.
679 3564 811 3629 quidquam
831 3563 978 3612 defensioni·
995 3562 1130 3611 rationibus
1145 3561 1190 3610 ed·

158 3644 203 3690 vl.
222 3659 246 3689 ι.
259 3641 446 3690 Auctoritatem.
462 3642 539 3704 Quia,
559 3658 635 3704 quum
681 3644 749 3699 dere,
766 3660 849 3691 verum
864 3658 907 3690 vua
920 3659 1061 3706 permovere
1074 3642 1105 3690 ed
1120 3643 1193 3690 misu-

126 3735 187 3767 reaa
202 3721 287 3768 Sextio
298 3721 324 3767 in
340 3719 464 3768 tribunatu
478 3729 556 3782 gestes
567 3736 634 3766 com·
679 3721 809 3770 riuurdiem
821 3722 902 3770 velim.

126 3810 280 3857 memorent,
293 3799 421 3846 videbatur
436 3797 533 3861 reliquie
543 3798 636 3846 civibus
718 3803 740 3849 5.
764 3803 795 3848 Ut
812 3816 870 3862 eus,
889 3815 990 3864 quonam
1003 3798 1099 3847 sceleri}
1104 3796 1195 3864 surore

127 3879 298 3941 pscribere,
313 3878 375 3943 quid
397 3893 444 3942 pro
458 3877 534 3926 salute
552 3879 636 3942 patriae
681 3878 789 3927 uiolatus
803 3895 891 3937 essem,
903 3889 949 3927 etc.
961 3878 1022 3926 satta
1036 3889 1116 3942 putet,
1135 3878 1192 3927 cto-

127 3956 295 4022 bouururuque
321 3958 414 4006 uirium
443 3956 468 4004 in
497 3956 636 4022 mgistretu
681 3960 764 4018 dium,
778 3961 907 4021 Pisonum,
921 3959 1051 4008 Gabinium
1069 3958 1192 4022 precipue

130 4036 321 4103 megendum.
387 4091 395 4102 ο
644 4070 652 4083 .
681 4037 820 4103 significari.
