2656 5258
345 376 550 445 ‘ORATIO
575 376 676 444 PRO
701 379 737 446 P.
765 378 966 448 SEXTIO.
1150 377 1196 464 45

154 499 245 571 derem
260 511 396 571 contra
414 495 606 568 tribunum
622 496 739 594 plebis
755 502 913 597 privatus
931 499 1063 571 armis?
1083 501 1198 573 Vicis-

151 623 207 679 sent
221 604 413 706 improbos
435 604 546 692 boni,
571 602 683 678 sortes
703 608 855 697 inertes;
876 607 1088 681 interfectus
1104 626 1198 682 esset

149 717 183 805 is,
199 718 258 814 qui
283 715 355 787 hac
384 740 456 786 una
482 713 684 787 medicina⁵
708 716 783 787 sola
804 722 926 815 potuit
947 744 967 789 a
992 717 1199 816 reipublice

146 842 225 924 peste
245 826 395 925 depelli.
423 825 518 915 Quid
548 825 704 897 deinde?
724 827 814 924 quid
836 829 1070 925 reliquiarum
1089 842 1199 900 resta·

144 939 200 1008 ret?
212 937 300 1034 quid
318 937 479 1033 denique
497 949 573 1006 erat
594 934 769 1024 dubium,
790 941 880 1034 quin
899 938 961 1010 ille
979 939 1123 1035 sanguis
1137 940 1198 1010 tri-

142 1046 311 1135 bunitius,
334 1047 439 1118 nullo
458 1046 653 1144 praesertim
673 1045 822 1144 publico
836 1049 987 1120 consilio
1009 1048 1195 1146 profusus,

87 1154 89 1165 '
142 1158 292 1230 eonsules
308 1155 449 1228 ultores
465 1168 502 1227 et
516 1153 725 1228 defensores
743 1173 836 1228 esset
855 1156 1068 1229 habiturus?
1082 1181 1197 1255 quum

141 1266 274 1362 quidem
290 1268 331 1336 in
346 1267 525 1336 concione
543 1262 709 1351 dixisset,
726 1281 790 1336 aut
808 1267 897 1337 mihi
915 1266 1026 1338 semel
1041 1291 1199 1364 pereun-

141 1375 234 1463 dum,
251 1389 315 1446 sert
337 1373 395 1444 bis
408 1398 486 1444 esse
505 1372 732 1444 vincendum.
746 1374 845 1464 Quid
863 1390 939 1447 erat
957 1375 1013 1447 bis
1030 1377 1200 1450 vincere?

142 1485 175 1556 ld
200 1483 391 1584 proiecto,
421 1499 487 1570 ut,
516 1509 601 1555 cum
632 1486 877 1556 amentissimo
905 1484 1200 1583 tribunoplebis

142 1621 241 1693 quum
264 1593 526 1683 decertassem,
545 1619 630 1667 eum
646 1592 877 1684 consulibus,
898 1596 1101 1692 ceterisque
1121 1596 1199 1691 ejus

144 1705 545 1783 uitorfflusdimicarem.

179 1823 249 1914 Ego
266 1841 373 1902 vero,
394 1818 424 1888 si
448 1815 563 1886 mihi⁶
578 1821 642 1888 uni
661 1817 888 1916 pereundum
904 1817 1048 1901 suisset,
1065 1841 1106 1889 ac
1120 1841 1197 1891 non

141 1926 336 2026 arripienda
355 1927 460 2025 plaga
480 1927 571 1997 mihi
597 1927 765 1999 sanabilis
775 1940 800 2013 ⁷,
828 1929 895 1999 iilis
915 1926 1118 2016 mortifera,
1133 1930 1199 2026 qui

143 2060 210 2107 eam
228 2037 504 2134 imposuissent,
524 2038 634 2109 semel
658 2041 775 2135 perire
796 2052 938 2124 temen,
952 2037 1113 2133 judices,
1128 2064 1199 2111 ma·

142 2143 292 2234 inissem,
318 2168 432 2242 quam
452 2144 516 2221 ¹bis
545 2149 688 2218 vincere
696 2142 723 2218 ⁸.
755 2152 839 2219 Erat
867 2148 965 2220 enim
993 2148 1053 2219 itta
1085 2148 1197 2221 altera

143 2253 303 2347 eiusmodi
318 2258 524 2343 contentio,
537 2271 579 2327 ut
593 2281 714 2354 neque
726 2259 810 2329 victi
818 2270 847 2345 ⁹,
863 2283 984 2355 neque
995 2270 1026 2303 ¹⁰
1041 2261 1195 2332 victores

141 2446 238 2497 dodim
257 2464 366 2515 pagrum
390 2449 559 2513 cupientibus,
585 2464 636 2497 non
681 2450 791 2497 victoriis
800 2461 856 2498 ente
866 2449 1012 2500 habuissem.
1037 2450 1196 2500 contendunt

142 2529 250 2591 permisit:
268 2544 298 2577 ex
311 2544 363 2592 que
377 2538 435 2575 eunt
446 2526 488 2574 tlh
501 2527 533 2574 ad
545 2529 636 2576 hutn-
681 2527 811 2576 Ahnmins
828 2540 852 2576 et
869 2528 996 2577 Mrnntiur'
1013 2528 1076 2576 tund
1098 2545 1124 2577 ee
1142 2544 1194 2578 non

141 2605 198 2656 lm:
209 2631 221 2650 ·
229 2609 299 2656 Meos
310 2607 393 2665 eires,
404 2616 429 2653 et
441 2621 456 2653 e
467 2622 506 2654 me
516 2618 636 2666 servatos,
680 2607 829 2671 intelligere,
838 2619 862 2655 et
874 2624 932 2671 pere
941 2607 1071 2655 doctorum
1084 2608 1193 2656 eimmm

141 2697 295 2735 etmeservere
304 2688 447 2750 cupienter,
455 2687 553 2733 ermetis
561 2689 636 2734 servis
681 2686 809 2750 legendnm
821 2698 909 2751 putant
920 2701 926 2733 :
937 2709 948 2728 ι
955 2688 1008 2749 Ego
1021 2703 1094 2745 vero,
1103 2686 1125 2733 si
1133 2687 1194 2734 mihi

141 2766 201 2825 objici
207 2766 323 2814 noluerim
329 2787 351 2814 υ.
359 2763 412 2812 Nee
421 2763 480 2811 alibi
489 2766 561 2813 semel
571 2765 637 2814 idem
680 2767 722 2812 uni
738 2765 888 2829 pereundum
903 2766 1005 2825 fuheet,
1019 2780 1047 2811 ec
1061 2781 1113 2812 non
1127 2766 1192 2813 ecci-

140 2843 247 2907 glon'rtur.
643 2883 657 2915 ι
679 2843 768 2908 piendr
786 2844 856 2908 plage
876 2844 935 2891 mihi
953 2844 1111 2901 inarabilis,
1130 2845 1192 2907 reip.

166 2925 187 2971 5.
207 2927 260 2972 Hae
282 2940 336 2971 urea
358 2921 488 2971 martina.
513 2924 636 2971 Adversus
680 2926 815 2983 mortifere,
829 2940 900 2988 quem
912 2924 946 2971 illi
958 2924 1140 2986 imposuissem,
1153 2939 1192 2971 ee·

138 3003 189 3049 enim
202 3003 264 3050 iliius
276 3004 384 3051 furorem
398 3017 449 3048 non
462 3003 520 3050 setis
533 3002 558 3049 in
570 3003 635 3062 judi·
679 3005 727 3050 mel
741 3005 832 3067 perire,
847 3013 893 3050 ete.
904 3025 917 3042 ι»
932 3005 991 3049 Haec
1006 3002 1048 3064 qui
1062 3003 1139 3065 possit
1152 3002 1191 3048 in·

136 3081 170 3128 ciis
183 3095 205 3130 et
221 3082 315 3146 legibus
329 3097 382 3129 esee
395 3079 502 3144 presidii
517 3097 582 3145 eaepe
596 3098 635 3129 res
679 3081 785 3144 telligat,
802 3097 863 3136 noe.
883 3092 910 3128 nt
938 3081 1028 3143 ingenii
1053 3079 1190 3128 tarditatem

135 3159 245 3208 doment.
678 3159 926 3222 feteemm‚liquidem
935 3158 1035 3220 hujusce
1044 3160 1192 3221 pertismen·

161 3238 184 3286 6.
207 3241 293 3286 Omnia
315 3238 370 3284 hee
389 3236 432 3283 elii
451 3237 520 3285 aliter
538 3256 634 3302 perver-
680 3250 727 3287 tem
752 3241 888 3302 perspicere
914 3254 964 3285 non
991 3254 1128 3301 pessumum
1162 3243 1191 3287 ln

133 3316 634 3381 mutzquoereselleresupereedeo.J.V.L.
679 3318 790 3366 eumdem
804 3335 901 3365 remum
918 3319 1051 3379 emerim,
1065 3319 1193 3381 Graius,

160 3415 184 3456 7.
210 3396 273 3446 nati
295 3394 424 3443 meabitis.
451 3398 560 3444 luricati
584 3398 635 3445 loci
679 3396 921 3445 olivermdorcnm
930 3395 1193 3459 Verburg.etlaliem.

130 3477 194 3538 him
213 3491 299 3524 mum
323 3483 361 3522 eet
383 3487 392 3522 τ
421 3475 523 3538 eQued
545 3476 577 3524 ad
595 3493 635 3524 me
679 3476 822 3524 hmbinum
834 3478 904 3539 sequi
916 3476 1052 3525 maluimus.

129 3558 218 3613 minet,
228 3556 324 3603 etism
331 3554 413 3617 perite
423 3554 484 3601 mihi
495 3556 542 3601 soii
553 3556 634 3602 conti·
715 3555 741 3601 8.
762 3556 842 3617 Quam
857 3554 892 3601 bis
905 3554 1011 3602 sineere.
1029 3553 1193 3617 Quandoqui-

128 3635 209 3697 giaet‚
229 3652 276 3683 nee
296 3634 357 3682 iliud
372 3634 509 3681 debuissem
526 3637 635 3698 recipere
679 3632 735 3680 dem
745 3634 798 3680 siue
809 3649 894 3696 mgna
905 3634 995 3681 rivium
1004 3645 1083 3697 strage
1094 3633 1191 3680 vincere

128 3715 210 3762 mlum
217 3715 312 3770 exsilii,
325 3729 376 3776 quo
385 3712 417 3760 ed
431 3725 527 3776 tempus
541 3725 635 3762 numm
679 3728 730 3759 non
743 3728 850 3777 possem.

126 3792 238 3851 efficere,
256 3793 349 3840 inimici
365 3807 425 3840 eero
447 3793 494 3839 mei
511 3793 636 3840 interirent
715 3808 741 3852 9.
756 3793 845 3855 Neque
855 3791 925 3840 vietel
937 3794 1002 3856 Quis
1014 3792 1085 3840 bonis
1098 3791 1194 3839 civibus

127 3871 217 3935 (qm
237 3872 331 3919 scilieet
348 3869 469 3935 praeclaro
489 3869 533 3917 illo
554 3869 636 3919 reditu
680 3870 831 3931 interfectis,
847 3870 983 3935 respublica
997 3882 1061 3919 stete
1077 3885 1128 3918 non
1144 3885 1192 3934 po·

126 3953 272 4005 muer.
290 3949 327 3998 illi
344 3949 484 4012 turpissime
502 3949 635 4011 ignominie
682 3960 751 3999 teret.

125 4031 215 4088 mei,
229 4030 291 4078 nihii
307 4031 357 4092 jem
376 4037 493 4094 possent,
514 4044 543 4076 ee
561 4027 635 4077 veluti
720 4044 761 4075 ιο.
782 4029 868 4092 Neque
880 4029 995 4076 victores.
1012 4030 1117 4076 Gravem
1129 4027 1193 4074 enim

126 4106 637 4175 obruunt-ortntnendnobm
681 4108 777 4173 plegem
794 4125 809 4156 e
828 4107 894 4156 nde
913 4108 1043 4157 cumulem
1063 4107 1197 4171 sceep'uet
