2656 5258
338 365 537 438 ORATIO
561 367 666 435 PRO
690 368 728 436 Ρ.
758 367 961 437 8ΕΧΤΙΟ.
1140 367 1187 439 23

141 492 371 575 amicissimus,
383 492 450 559 Cu.
466 489 676 584 Pompeius,
697 489 800 559 omni
817 487 1023 576 cautionei,
1037 487 1185 578 foedere,

140 594 390 672 ermeratioue⁵
412 596 634 685 devinxerat,
659 595 750 671 nihil
777 600 815 667 iu
843 596 1031 671 tribunatu
1059 614 1186 671 contra

139 733 178 781 ue
192 731 269 780 esse
286 704 484 781 iacturum.
505 710 551 778 tt
573 706 633 778 ille
655 703 836 795 nefarius,
856 732 901 779 ex
923 711 1088 779 omnium
1107 733 1186 781 sce·

138 819 231 892 lenuu
249 816 461 891 colluvione
479 831 608 905 natus,
623 840 751 914 parum
771 841 809 888 se
827 815 947 889 foedus
966 818 1184 890 violaturum

137 944 174 1000 est
192 927 407 1014 arbitratus,
431 928 500 999 uisi
525 931 645 1023 ipsum
669 941 853 1000 cautorem
879 925 1012 1000 alieni⁶
1035 928 1185 1026 periculi

137 1042 192 1112 suis
206 1039 367 1136 propriis
383 1036 555 1134 periculis
569 1038 764 1109 terruisset.
784 1041 885 1108 Hanc
910 1051 1039 1109 tetram
1059 1040 1187 1109 imma·

137 1172 277 1245 nemque
289 1147 481 1232 belluam,
502 1147 657 1218 vinctam
678 1147 861 1243 auspiciis,
883 1147 1061 1243 alligatam
1085 1172 1188 1220 more

136 1256 319 1350 majorum,
350 1256 581 1330 constrictam
610 1255 732 1353 legum
762 1268 1001 1328 sacratarum⁷
1031 1259 1187 1343 catenis,

136 1365 225 1436 solvit
248 1359 401 1437 subito⁸
419 1362 581 1463 [legum]
602 1365 751 1454 consul,
772 1365 849 1448 vel,
865 1379 905 1436 ut
927 1390 997 1463 ego
1019 1365 1187 1453 arbitror,

136 1489 309 1563 exoratus,
332 1474 409 1562 vel,
438 1488 479 1546 ut
501 1486 603 1545 nont
625 1499 737 1546 nemo
758 1483 916 1572 putat¹⁰,
943 1475 1031 1545 mihi
1054 1479 1187 1563 iratus,

135 1574 266 1679 ignarus
296 1586 446 1682 quidem
471 1599 569 1657 certe
595 1600 632 1656 et
659 1585 872 1684 imprudens
898 1584 1187 1682 impendentium

134 1706 307 1763 tantorum
321 1694 498 1765 scelerum
513 1719 554 1766 ac
569 1694 755 1765 malorum.
772 1696 863 1783 Qui,
878 1693 1046 1766 tribunus
1058 1693 1187 1792 piebis,

133 1799 207 1872 [elix
224 1803 262 1872 iu
283 1801 476 1874 evertenda
495 1803 680 1902 republica
701 1804 769 1877 fuit
787 1805 895 1876 nullis
915 1806 1025 1877 suis¹¹
1048 1808 1184 1876 nervis:

131 1913 189 2007 qui
205 1916 304 1984 euim
323 1915 362 1984 in
385 1913 564 2009 ejusmodi
585 1916 657 1986 vita
679 1917 780 1986 nervi
802 1940 880 1986 esse
901 1929 1102 2012 potuerunt
1118 1912 1193 1985 ho·

130 2022 247 2103 minis,
267 2019 436 2094 fraternis
453 2021 610 2119 flagitiis,
628 2025 774 2096 sororiis
793 2025 947 2121 stupris,
970 2025 1070 2095 omni
1086 2025 1187 2094 inau-

130 2128 197 2202 dita
213 2131 363 2203 libidine
381 2131 588 2203 infamis¹²?
604 2133 674 2204 Sed
690 2133 758 2205 fuit
771 2134 934 2232 profecto
949 2133 1111 2229 quaedam
1125 2133 1186 2204 illa

128 2243 329 2341 reipublicae
346 2242 493 2315 fortuna
510 2243 643 2333 fatalis,
666 2261 706 2317 ut
725 2246 784 2318 ille
806 2270 919 2317 caecus
937 2262 1046 2342 atque
1063 2269 1187 2316 amens

161 2444 187 2492 i·
203 2438 277 2489 (iani
289 2438 410 2487 untione.
430 2440 532 2487 omrem
543 2439 633 2487 muri·
677 2439 805 2488 rolaerat:
818 2454 895 2502 qaum
910 2453 962 2487 uou
980 2437 1187 2502 intelligerem·

99 2537 101 2541 ·
129 2518 183 2567 tae·-
203 2520 322 2568 raeiuaen
347 2532 362 2564 a
389 2514 479 2565 Clodio
503 2517 633 2581 Porupeius
676 2518 723 2566 eibi
738 2518 837 2580 quidem
851 2518 899 2581 ipsi
913 2517 944 2566 ab
962 2517 1061 2566 bomine
1074 2519 1185 2567 omniun

129 2597 217 2660 unfit,
236 2612 286 2661 qua
304 2595 442 2660 promissis,
461 2612 508 2659 qua
524 2597 632 2659 scripto,
674 2597 838 2662 perditissimo
848 2597 927 2646 caveri
936 2613 1016 2661 posse.

129 2675 295 2739 quoeunqu-
313 2689 370 2723 cum
383 2690 415 2722 eo
431 2673 512 2722 serdus
523 2674 631 2738 pepigit,
713 2693 736 2735 7.
757 2680 845 2740 Legum
862 2676 1026 2724 sanceronis.
1042 2677 1071 2722 ln
1088 2675 1118 2722 iis
1135 2676 1185 2723 boe

128 2753 455 2819 superunoouditiouenr
463 2753 588 2814 adjunxit,
600 2768 633 2800 ue
677 2755 781 2803 maxime
799 2756 916 2802 sancitum
932 2765 983 2812 eat,
1001 2769 1032 2800 ne
1048 2754 1185 2802 tribunatus

128 2832 222 2882 unda·
237 2842 325 2880 eontra
343 2831 530 2896 nequidquam
545 2832 635 2881 iacent
676 2833 754 2898 plebis
760 2833 853 2881 homiui
862 2833 965 2896 patricio
975 2831 1083 2880 mandari
1091 2843 1186 2896 posset:

128 2912 326 2974 murinarum
334 2912 464 2975 Pompeius
471 2927 527 2959 euru
532 2912 634 2972 juvisset
676 2928 750 2976 qnam
763 2912 797 2960 ob
809 2928 904 2961 musam
922 2912 1024 2960 aolvieee
1036 2910 1134 2959 ridetur
1146 2927 1187 2960 eas

128 2990 152 3039 ia
169 3006 199 3039 eu
213 2991 357 3054 nagistrum
373 2990 560 3052 concurrendo,
575 2990 633 3038 Clo-
676 2991 740 3054 leges
748 2991 934 3049 menerual,
944 3006 1020 3055 quun
1031 2989 1186 3039 medimna

128 3069 190 3118 ὒιιι
206 3071 282 3119 etiam
302 3069 417 3132 inpulit,
437 3079 465 3116 ut
479 3078 570 3133 pestem
586 3068 634 3116 sibi
677 3071 772 3135 plebem
796 3070 916 3128 traduxit,
941 3079 969 3117 ut
991 3068 1094 3128 deiude,
1119 3067 1188 3131 quod

127 3149 304 3212 inpeenrm,
313 3147 634 3212 sequeipmdirisomiui·
677 3150 767 3198 iactum
781 3160 833 3211 ert,
845 3149 958 3197 tribunus
971 3148 1007 3211 pl.
1023 3157 1150 3194 creamur.

127 3225 170 3275 bn
188 3230 338 3288 devoveret,
363 3229 384 3276 ai
405 3227 466 3292 quid
486 3239 571 3276 contra
595 3243 634 3275 me
713 3226 959 3289 8.Suiito.Quodie
967 3226 1053 3275 Cicero
1061 3223 1188 3286 injudicio

126 3306 232 3356 famus
247 3318 319 3356 etet.
334 3308 469 3367 Cautioue,
488 3318 525 3355 est
539 3323 635 3356 uaecu-
677 3308 706 3359 C.
715 3307 816 3354 Antonii
828 3306 859 3354 ds
868 3316 931 3354 statu
942 3304 1080 3369 reipublice
1089 3315 1190 3369 questas

126 3388 230 3444 rau'uue,
247 3397 272 3434 et
287 3385 401 3434 eehdnla
419 3386 590 3449 obligationis,
607 3397 635 3434 ut
677 3395 729 3442 eet,
749 3385 877 3434 eo.Caeear
899 3384 1000 3441 consul,
1023 3399 1099 3447 quum
1118 3394 1188 3431 autea

126 3462 196 3513 bodie
208 3465 354 3529 loquantur.
678 3464 739 3512 nihil
747 3463 865 3523 eiusmodi
877 3465 1016 3528 eogitasset,
1029 3462 1143 3512 Clodium
1155 3462 1188 3511 ad

160 3543 186 3595 5.
199 3540 448 3607 &unomsoedem
460 3542 634 3591 resurretione.
678 3543 773 3607 plebem
787 3541 902 3590 traduxit.

128 3623 162 3670 lie
180 3620 232 3670 buu
252 3622 286 3670 ad
310 3623 432 3677 Atticum,
455 3621 498 3669 lib.
521 3622 563 3678 11,
580 3622 635 3670 ric:
715 3637 739 3683 9.
756 3622 787 3667 Ur
798 3619 1015 3668 nun.Abestuon.
1028 3622 1094 3670 LV.
1106 3622 1135 3668 L.

129 3702 276 3764 ullonpeius
287 3699 404 3756 affirmat,
415 3716 468 3747 uon
479 3715 530 3746 esse
540 3701 636 3762 perieu-
718 3715 757 3746 ιο.
769 3701 850 3746 Putat.
863 3699 903 3747 el.
912 3709 1021 3762 putarer.
1031 3700 1056 3747 J.
1066 3701 1097 3747 V·
1109 3701 1136 3748 L.

128 3778 192 3829 lum:
210 3779 325 3840 adjurat:
340 3778 408 3828 addit
426 3779 512 3835 etiam,
531 3794 556 3825 se
570 3778 638 3841 priua
718 3793 759 3825 ιι.
783 3776 864 3825 Nullis
885 3777 933 3826 suis
953 3777 1040 3827 uersis.
1064 3777 1123 3825 Nou
1142 3781 1193 3825 ruia

130 3859 235 3906 oruinm
252 3859 284 3905 iri
302 3858 333 3906 ab
352 3873 398 3918 eo,
420 3871 493 3920 quam
508 3873 546 3904 rue
561 3856 637 3904 riola·
682 3855 933 3916 nervis,redauxilio
943 3855 1084 3913 consulum,
1095 3857 1194 3905 Gabinii

132 3946 179 3985 in
191 3937 224 3984 iri
234 3957 257 3986 a,
683 3945 707 3983 ut
717 3933 822 3983 Pisonis.

163 4018 188 4064 6.
207 4018 287 4080 Ipsum
298 4028 424 4064 autorem
440 4012 516 4062 alieni
525 4013 638 4079 periculi.
721 4029 761 4061 ra.
781 4011 893 4060 litam
904 4010 1011 4077 insumis.
1031 4011 1128 4060 ladem.
1141 4013 1195 4062 titi-

135 4093 339 4160 inpetum
352 4091 542 4144 mibiaCiodio
553 4109 640 4144 urere
683 4091 740 4141 cline
756 4091 951 4140 insanum-1„
