2656 5258
280 363 480 432 ORATIO
505 364 607 453 Prto
632 365 669 432 P.
699 364 900 434 SEXTIO.
1077 366 1118 439 3ι

83 492 188 560 rivium
204 486 384 582 lacrymas
405 483 628 581 repudiavit?
644 507 704 555 me
721 485 839 582 ipsum
854 500 895 556 ut
908 493 1126 586 contempsit

80 597 179 669 lelluo
189 592 358 694 patriae⁶l
370 618 454 664 uam
467 592 557 690 quid
571 618 638 689 ego
651 595 859 691 patrimonii
873 592 1009 683 (licam,
1022 599 1123 694 quod

78 707 133 792 ille,
156 731 274 804 quum
302 705 407 802 quasi
433 719 610 800 qutestum
634 700 806 790 facerem,
833 706 972 776 amisit?
998 708 1120 796 Quum

76 817 206 886 imisset
227 812 275 885 ad
299 809 505 900 senatuml,
523 837 604 898 vos,
625 815 790 908 inquam,
807 818 948 910 equites
961 823 1122 901 romani,

74 939 235 996 etomnes
250 923 365 1011 boni,
379 937 479 992 veste
495 935 651 1008 mutata,
673 946 754 1005 vos,
775 926 939 1019 iuquam,
958 949 1025 1021 pro
1040 951 1122 999 meo

72 1036 168 1132 cipite
180 1033 230 1105 sd
244 1031 356 1131 pedes
366 1031 508 1103 lenonis
520 1032 753 1127 impurissimi
767 1033 982 1128 projecistis,
997 1060 1123 1132 quum,

10 1206 12 1215 ,
70 1145 178 1214 restris
197 1139 371 1240 precibus
387 1165 410 1211 a
429 1139 566 1212 latrone
583 1140 647 1211 illo
668 1140 884 1238 repudiatis,
902 1144 957 1213 vir
970 1146 1123 1217 incredi-

68 1251 118 1324 bili
128 1253 222 1341 fide,
242 1250 492 1349 magnitudine
503 1254 633 1340 animi,
647 1252 869 1338 coustantio,
882 1256 939 1322 L.⁹
951 1256 1122 1342 Ninnius,

67 1361 102 1433 ad
113 1377 281 1435 senatum
297 1361 344 1432 de
359 1360 544 1460 republica
557 1359 701 1444 retulit,
719 1374 937 1457 senatusque
951 1361 1123 1462 frequens

66 1488 185 1544 restem
202 1497 274 1570 pro
292 1497 373 1543 mea
388 1471 502 1543 salute
516 1469 728 1542 mutandam
742 1478 774 1514 ¹⁰
788 1472 939 1541 censuit.

101 1587 181 1653 XII.
200 1585 236 1652 Ο
255 1580 351 1652 diem
366 1580 657 1677 illum,judices,
677 1578 862 1650 funestum
878 1584 1038 1668 senatui,
1055 1582 1122 1656 bo·

65 1692 183 1788 nisque
196 1687 390 1762 omnibus!
412 1689 619 1789 reipublice
639 1689 866 1761 luctuosum!
892 1690 978 1761 mihi
994 1692 1038 1763 ad
1055 1693 1120 1766 do·

63 1803 244 1873 mesticum
267 1824 483 1885 moerorem,
501 1798 663 1898 gravem!
688 1799 733 1870 ad
754 1803 971 1897 posteritatis
988 1826 1123 1876 memo·

60 1911 162 1996 nam,
175 1910 374 2007 gloriosum
387 1907 395 1980 l
409 1909 506 2000 Quid
520 1913 616 1981 enim
629 1911 821 2008 quisquam
833 1927 951 2010 potest
964 1938 1008 1984 ex
1019 1915 1121 1987 omni

60 2023 228 2092 memoria
252 2045 396 2092 sumere
420 2021 613 2106 illustrius,
635 2044 767 2117 quam,
791 2047 859 2120 pro
887 2048 963 2093 uuo
985 2027 1063 2098 cive
1083 2040 1120 2098 et

58 2129 171 2203 bonos
190 2141 340 2202 omnes¹
361 2132 501 2230 privato
518 2156 719 2218 consensu,
735 2146 771 2202 et
791 2133 998 2202 universum
1014 2158 1119 2208 sena·

58 2255 133 2313 tum
154 2240 304 2340 publico
326 2241 480 2312 consilio
503 2256 658 2313 mutasse
681 2242 841 2312 vestem?
863 2267 945 2338 quae
968 2243 1116 2339 quidem

60 2365 133 2422 tum
155 2353 310 2423 mutatio
329 2375 405 2421 nou
426 2350 691 2448 deprecationis
715 2375 819 2422 causa
845 2367 901 2422 est
925 2351 1034 2441 sacta,
1053 2355 1118 2429 sed
1158 2382 1163 2402 ⁴

92 2499 116 2546 ὓ.
130 2499 217 2546 llelluo
232 2497 336 2563 patn'ae.
356 2497 446 2547 Audax
464 2514 521 2545 sane
540 2508 566 2546 et
608 2498 759 2562 inCic.oap.
770 2496 996 2557 31;redemautem
1005 2500 1117 2550 Concor-

59 2591 147 2624 anna
158 2578 186 2624 iu
199 2577 247 2626 ltoc
261 2578 298 2625 vis
313 2576 474 2632 elocutionis,
492 2592 565 2640 quent
609 2574 656 2623 diae
669 2592 761 2639 paucos
773 2576 834 2623 ulios
854 2587 940 2640 prater
956 2588 1065 2626 senatum
1078 2597 1119 2629 oa·

61 2666 138 2702 uoener
151 2657 257 2720 aquavit
276 2655 422 2713 Cornelius,
440 2671 515 2718 quum
535 2654 565 2702 de
609 2671 666 2718 pere
676 2655 795 2718 potuisse3
808 2653 914 2702 Gabinio
929 2667 1008 2704 antem
1027 2659 1118 2709 nurum

60 2732 147 2782 Ιῑδαιίι
161 2734 228 2798 apud
240 2750 323 2783 senem
337 2734 439 2783 Galliam
451 2735 564 2781 festinan·
608 2733 734 2782 accedenti
751 2749 779 2780 ea
797 2749 848 2781 sese
865 2733 997 2782 multitudo
1015 2736 1117 2789 obtulit.

609 2812 668 2858 Nou
677 2823 713 2859 ιιι
723 2827 780 2875 ergo
790 2811 856 2874 quod
869 2827 925 2860 cum
935 2814 1053 2863 lambino
1064 2833 1120 2865 mu·

610 2902 687 2939 temne
696 2891 721 2939 in
731 2901 854 2938 senonem.

644 2985 669 3028 9.
694 2970 723 3016 L.
747 2967 858 3014 Ninnius.
879 2970 1001 3018 Tribunus
1020 2972 1055 3034 pl.
1076 2974 1119 3035 qni

610 3046 698 3094 deinde
714 3046 796 3095 retulit
814 3047 969 3095 aduenarum
990 3048 1019 3096 de
1040 3051 1118 3100 reditu

93 3141 115 3185 ς.
130 3123 205 3186 Quod
212 3123 271 3182 itte,
280 3138 355 3186 qaum
364 3122 437 3186 quusi
445 3135 566 3186 quaestum
610 3125 747 3183 Ciceronis,
756 3136 783 3173 ut
793 3136 829 3173 eat
840 3127 910 3176 infra.
923 3127 1040 3175 Ninnium
1049 3131 1118 3192 Qua.

53 3201 157 3264 faceret,
165 3200 425 3251 miiitr'salsesimnl
433 3211 457 3249 et
466 3201 565 3251 acerbe:
610 3205 704 3253 deatum
717 3215 789 3252 vocat
802 3205 850 3252 Dio
863 3219 869 3252 ι
884 3207 1022 3254 nominatur
1036 3219 1061 3256 ιι
1077 3226 1117 3274 ep.

59 3284 139 3329 mrum
154 3282 236 3339 enim,
252 3280 297 3343 qni
315 3280 385 3343 quasi
402 3282 515 3327 meretrix
527 3281 565 3328 di·
610 3283 989 3342 23,lit.111,adsuic.-At
1002 3288 1118 3338 hume·

58 3361 152 3424 vulgato
163 3375 269 3424 corpore
281 3369 400 3421 quntum
411 3358 497 3416 laniat,
508 3376 564 3408 euru
607 3363 678 3412 erius.
690 3364 707 3410 J
708 3396 715 3410 .
726 3364 758 3409 V.
773 3364 800 3412 L.

58 3441 226 3503 patrimonium
238 3439 365 3485 amittere:
378 3448 446 3485 notat
460 3438 565 3501 impudi·
646 3457 686 3490 ιο.
708 3444 812 3488 Vestem.
822 3473 830 3488 .
841 3476 865 3489 ..
883 3444 1037 3493 mutandam.
1058 3445 1117 3494 Non

10 3526 12 3565 !
58 3518 133 3566 ἀΐω
142 3516 218 3565 ιίιιιιιΙ
227 3527 253 3564 et
262 3515 396 3578 nequitiam
405 3515 511 3564 Gabinii.
610 3519 684 3568 modo
698 3519 806 3576 senatui,
823 3532 851 3569 nt
868 3520 908 3568 liic
924 3523 1009 3570 Cicero
1023 3524 1120 3573 ridetur

90 3601 113 3646 ⁸.
126 3595 412 3645 Venissetadsenatuoe
423 3595 566 3644 Doctissime
609 3596 755 3660 significare,
773 3597 816 3645 aed
831 3599 925 3662 populo
942 3617 1040 3665 quoque
1054 3603 1120 3651 Niu-

57 3677 85 3723 ιι
97 3678 121 3726 lu
135 3677 153 3724 l.
166 3677 268 3724 adnotat
281 3675 441 3734 Garatonius,
454 3690 504 3720 non
514 3676 566 3737 ipsa
609 3679 664 3724 rrius
674 3679 804 3740 persuasit,
817 3690 856 3735 ut,
868 3689 989 3742 tamqnam
1000 3682 1026 3727 in
1037 3681 1118 3744 aliqua

58 3757 127 3812 curia,
139 3755 184 3803 sed
193 3755 305 3819 proxime
315 3753 412 3810 locutu,
421 3753 462 3800 ubi
471 3765 566 3801 senatus
609 3756 708 3820 publica
717 3756 863 3815 calamitate,
877 3774 923 3821 pro
935 3759 1012 3807 salute
1021 3762 1121 3809 Cicero·

58 3834 194 3890 habebatur,
201 3835 296 3881 stetisse
302 3834 439 3896 ι’φιιιιιιω
447 3831 566 3889 ordinem,
610 3834 648 3881 nis
662 3847 751 3882 vestem
763 3846 873 3884 mnuret.
885 3837 934 3883 Dio
945 3837 962 3884 l.
973 3840 1120 3888 xxxvut.

58 3913 164 3977 atu-que
177 3925 213 3961 tot
228 3913 308 3970 eires,
321 3926 385 3974 quoe
399 3911 471 3958 terme
484 3911 565 3959 homi·
646 3916 702 3963 ΧΠ.
729 3930 751 3963 ι.
777 3918 856 3962 nouos
876 3931 966 3965 omnes.
987 3913 1121 3966 Hominum

60 4007 112 4039 unrn
130 3993 217 4055 uiginti
235 3993 309 4040 millia
331 3991 405 4038 luisse
425 4002 520 4038 constat
536 4008 568 4039 ex
612 3992 698 4054 viginti
724 3993 797 4040 millia
825 4010 871 4057 pro
896 3995 971 4043 salute
997 3996 1121 4045 Ciceronis

60 4084 109 4132 rap.
125 4071 139 4117 3
159 4083 216 4134 post
230 4071 280 4118 red.
296 4068 330 4117 ad
344 4070 379 4129 Q.
399 4078 423 4114 et
439 4069 568 4118 Plutarcho
612 4083 702 4121 vestem
714 4083 845 4121 mutarunt.
